2932 4808
717 856 816 924 νΙΤΑ.

268 1021 401 1080 Paulus
424 1022 630 1081 Fridericus
653 1022 813 1080 Reuther
836 1029 922 1082 natus
943 1040 1005 1081 sum
1026 1041 1052 1081 a
1074 1024 1100 1082 d.
1115 1022 1183 1081 VH.
1200 1023 1275 1081 Kal.
1292 1022 1366 1081 Nou.

179 1122 249 1179 anni
265 1116 350 1180 1879
365 1120 567 1178 Auerbachiae
585 1122 616 1178 in
634 1121 738 1194 oppido
752 1120 895 1179 saxoniae
914 1121 1110 1179 meridionalis
1123 1126 1210 1194 patre
1225 1122 1366 1193 Ernesto,

179 1224 272 1277 matre
295 1218 350 1277 Ida
377 1236 393 1276 a
420 1226 508 1291 gente
530 1218 663 1292 Fischer,
691 1235 764 1290 quae
791 1224 1007 1292 praematuram
1034 1225 1155 1277 mortem
1186 1222 1365 1277 occumbens

178 1317 320 1390 pupillum
348 1334 392 1374 me
420 1318 540 1389 reliquit
567 1334 707 1375 annornm
736 1316 797 1375 iere
824 1318 921 1375 trium.
973 1317 1074 1374 Fidem
1101 1316 1244 1390 profiteor
1274 1334 1364 1376 evan·

179 1416 311 1488 gelicam.
361 1415 398 1472 In
425 1415 524 1489 patria
551 1420 702 1487 postquam
729 1432 782 1488 per
809 1420 947 1487 quattuor
975 1431 1066 1473 annos
1093 1416 1124 1473 in
1151 1414 1256 1473 ludum
1280 1415 1363 1473 litte-

178 1514 289 1571 rarium
316 1514 404 1585 itavi,
431 1530 533 1571 novem
561 1529 652 1570 annos
680 1513 748 1585 degi
775 1512 934 1586 discipulus
962 1511 1180 1585 gymnasiorum
1207 1513 1364 1586 regiorum

179 1611 303 1684 primum
321 1611 491 1684 Lipsiensis,
515 1618 576 1669 tum
594 1611 800 1671 Nivemontani
823 1617 854 1669 et
876 1611 924 1668 hic
947 1618 977 1669 et
998 1611 1060 1668 illic
1077 1609 1237 1683 magistros
1256 1616 1364 1669 nactus

180 1709 257 1767 viros
286 1709 373 1767 valde
404 1711 505 1782 bonos,
536 1726 656 1781 quornm
686 1709 857 1781 disciplinae
888 1726 1001 1781 semper
1030 1724 1185 1766 memorem
1215 1725 1265 1766 me
1296 1709 1363 1767 iore

179 1813 264 1880 grato
288 1807 382 1865 animo
405 1808 550 1880 polliceor.
597 1808 734 1881 Inprimis
757 1808 826 1880 quid
844 1806 1007 1865 Fritzschio
1030 1807 1150 1865 debeam
1173 1822 1208 1863 ac
1227 1805 1363 1865 Gilberti

179 1905 315 1964 eximiam
342 1922 415 1977 erga
439 1922 484 1964 me
508 1906 720 1978 benignitatem
743 1911 831 1978 grata
854 1921 968 1978 semper
990 1905 1128 1962 memoria
1150 1920 1197 1961 me
1219 1906 1363 1978 prosequi

179 2003 255 2062 velle
278 2004 405 2063 libenter
427 2004 481 2061 hoo
503 2021 614 2077 quoque
636 2004 698 2062 loco
722 2003 844 2061 affirmo.

268 2101 394 2172 Quorum
422 2102 453 2159 in
480 2119 526 2160 me
553 2102 666 2161 meritis
693 2102 825 2160 effectum
849 2107 958 2175 estut,
986 2118 1051 2159 cnm
1077 2116 1147 2158 vere
1170 2100 1244 2157 anni
1271 2097 1361 2161 1899

179 2200 360 2258 maturitatis
383 2201 580 2258 testimonium
604 2207 773 2258 consecutus
790 2200 921 2273 Lipsiam
939 2200 1153 2271 remigrassem,
1175 2197 1362 2272 philologiae

179 2299 317 2357 studiosis
345 2305 378 2356 ut
404 2299 587 2357 adscriberer
614 2315 756 2371 rogarem.
807 2297 852 2354 Ac
874 2297 1033 2356 docuerunt
1054 2313 1100 2354 me
1123 2295 1182 2355 viri
1204 2295 1360 2355 humanis-

179 2397 245 2454 simi
273 2397 309 2455 de
336 2397 466 2469 Bahder,
494 2397 601 2469 Barth,
629 2396 813 2470 Brugmann,
842 2395 954 2469 Elster,
983 2394 1202 2467 Gardthausen,
1232 2393 1361 2471 Heinze,

179 2495 329 2568 Immisch,
356 2494 539 2569 Jungmann‚
567 2495 683 2568 Kb’ster,
711 2494 837 2568 Lipsius,
864 2493 996 2570 Martini,
1023 2492 1116 2566 hlarx,
1145 2490 1274 2550 Scbiller
1301 2488 1360 2567 (†),

178 2591 340 2667 Schneiber,
368 2592 514 2666 Schwarz,
542 2578 667 2666 Sievers,
695 2592 831 2665 Summer,
858 2589 1045 2664 Studniczka,
1073 2589 1201 2664 Volkelt,
1224 2589 1359 2649 Waehs-

178 2692 272 2766 muth,
297 2691 485 2765 Witkowshi,
510 2690 631 2748 Wundt.
680 2689 891 2748 Proseminarii
917 2688 1058 2762 philologi
1085 2688 1360 2764 exercitationibus,

178 2791 283 2862 quibus
306 2789 443 2848 Immisch
466 2789 641 2863 moderatur,
669 2794 821 2862 postquam
843 2804 897 2862 per
920 2803 1028 2845 annum
1050 2784 1180 2858 interfui,
1204 2784 1244 2843 ad
1268 2788 1359 2845 semi·

178 2889 293 2946 narium
315 2888 426 2946 aditum
449 2888 521 2946 mihi
544 2904 608 2945 esse
631 2888 759 2960 benigne
777 2886 933 2945 voluerunt
948 2885 1098 2943 triumviri
1111 2883 1239 2956 Lipsius,
1260 2884 1360 2960 Marx,

178 2985 385 3061 Waehsmuth,
415 2987 518 3059 quibus
546 2986 666 3043 ducibus
693 2985 831 3058 optimam
857 2982 1035 3057 philologiae
1062 2980 1277 3055 supellectilem
1303 3001 1361 3057 per

178 3090 224 3143 ter
247 3100 299 3143 sex
316 3101 430 3144 menses
448 3101 555 3158 parare
574 3084 667 3142 licuit.
712 3083 872 3141 Praeterea
890 3088 923 3140 ut
942 3080 1170 3152 arehaeologiois
1188 3080 1252 3138 suis
1272 3099 1359 3140 exer-

178 3184 365 3242 citationibus
388 3188 417 3242 et
440 3183 565 3256 publicis
587 3186 618 3239 et
633 3182 685 3256 eis,
707 3198 779 3253 quas
797 3182 828 3238 in
846 3180 1001 3239 seminario
1019 3178 1157 3251 institnit,
1179 3178 1360 3240 interessem

177 3281 341 3339 liberaliter
359 3282 501 3340 concessit
519 3279 706 3351 Studniczka,
724 3284 758 3337 ut
780 3278 986 3352 philosophicis
999 3276 1103 3350 Barth,
1123 3281 1157 3335 ut
1170 3274 1360 3337 Germanicis

178 3380 213 3437 de
236 3378 366 3454 Bahder,
396 3379 508 3452 Elster,
538 3378 668 3449 Sievers,
697 3383 731 3435 ut
760 3375 966 3450 paedagogicis
988 3373 1171 3447 Jungmann;
1203 3376 1298 3434 etiam
1328 3377 1361 3435 in

178 3479 346 3537 societatem
375 3476 519 3536 Graecam
548 3477 667 3550 Lipsius
696 3492 790 3548 nuper
816 3491 862 3532 me
889 3473 1009 3546 recepit
1059 3471 1169 3543 Quibus
1196 3472 1274 3533 viris
1298 3492 1360 3533 om-

178 3577 263 3635 nibus
295 3577 410 3648 gratias
442 3576 534 3633 habeo
565 3574 721 3648 maximas,
758 3573 913 3647 praecipue
950 3577 1046 3628 autem
1078 3569 1154 3642 quod
1185 3569 1362 3631 Fridericus

177 3674 263 3733 Marx
281 3692 334 3734 sna
352 3675 529 3732 auctoritate
549 3678 732 3730 cunctantem
753 3688 798 3729 me
817 3676 848 3729 et
865 3668 1046 3727 diffidentem
1064 3669 1185 3726 comiter
1204 3670 1362 3744 excitavit,

178 3779 296 3846 gratum
319 3772 403 3830 hodie
426 3772 496 3829 mihi
521 3775 567 3829 est
590 3786 624 3829 ao
647 3786 760 3843 semper
783 3769 848 3827 erit.

604 4026 925 4048 ——w
