2910 4836
701 297 926 364 ..16-

226 493 428 562 Columellas
456 491 649 575 quibusdam
677 492 762 561 locis
788 495 933 577 pendere
960 492 1146 576 suspicatus
1169 493 1262 581 est1).
1307 492 1403 578 Quod

224 600 343 668 falsum
371 620 443 668 esse
471 601 519 668 eis
547 602 700 668 docemur
725 599 927 684 praeceptis,
957 619 1090 683 quorum
1118 600 1154 667 in
1181 601 1402 684 explicatione

225 706 407 794 geoponica
420 707 552 790 aliquid
566 706 731 791 exhibent,
749 709 835 789 quod
849 707 932 775 Cato
946 707 1076 790 quidem
1090 709 1200 793 habet,
1220 707 1404 775 Columella

225 834 290 883 non
312 816 422 882 habet.
460 814 605 899 Quorum
628 813 729 882 affero
752 814 787 881 in
805 819 984 898 praecepto
1003 817 1044 881 do
1063 814 1174 882 scabie
1194 819 1228 882 et
1247 814 1403 884 Catonem

227 928 262 989 et
273 921 435 989 Graecum
449 926 616 989 auctorem
626 923 719 1006 ὕδωρ
731 940 901 1006 equumve,
919 922 1132 989 Columellam
1148 941 1258 990 sucum
1277 921 1405 989 excocti

227 1029 334 1112 lupini
361 1029 599 1113 praescribere,
628 1030 739 1097 eodem
766 1029 839 1097 loco
866 1028 901 1096 in
928 1028 1117 1114 geoponicis
1145 1029 1187 1097 de
1212 1029 1315 1096 biduo
1339 1028 1406 1113 agi,

227 1155 299 1203 oum
319 1137 505 1204 Columella
527 1136 670 1203 triduum
693 1137 893 1220 praetulerit
915 1136 1004 1223 (pag.
1021 1139 1063 1220 9),
1085 1136 1120 1204 in
1143 1136 1254 1220 capite
1277 1138 1319 1202 dc
1336 1154 1405 1202 mu·
1447 1144 1449 1151 ’

227 1243 271 1310 sti
301 1244 552 1312 conservatione
581 1243 800 1311 Columellam
836 1243 939 1311 solum
974 1243 1062 1312 vasis
1093 1242 1268 1311 claudendi
1297 1242 1407 1311 obiter

181 1417 183 1421 ,
227 1355 357 1418 tantum
374 1351 572 1418 mentionem
594 1349 706 1418 facere
729 1356 829 1434 atque
852 1369 926 1417 cum
945 1351 1025 1418 Cato
1048 1356 1083 1419 et
1102 1350 1249 1418 Graecus
1263 1349 1408 1434 scriptor

228 1459 270 1524 de
288 1457 430 1541 triginta
448 1456 564 1525 diebus
583 1456 744 1542 cogitent,
764 1476 838 1525 eum
855 1476 917 1540 per
935 1457 1157 1542 quadraginta
1178 1477 1239 1527 vas
1260 1456 1296 1531 in
1319 1475 1409 1539 aqua

227 1564 477 1647 relinquendum
499 1582 572 1632 esse
595 1583 730 1632 censere
753 1563 840 1650 (pag.
865 1565 906 1630 12
921 1565 991 1650 sn).

317 1671 372 1738 Ita
398 1689 463 1738 nou
491 1670 557 1738 iam
581 1671 797 1742 Columellam
820 1671 939 1739 Graeci
962 1671 1072 1755 operis
1095 1676 1264 1738 auctorem
1288 1673 1408 1739 ducere

229 1779 280 1847 fas
300 1783 360 1863 est,
383 1779 481 1846 immo
500 1797 542 1846 ex
560 1780 683 1863 eodem,
705 1797 801 1861 quem
820 1778 1002 1846 Columella
1020 1798 1149 1861 quoque
1167 1778 1297 1863 adierit,
1315 1777 1408 1846 fonte

230 1885 480 1971 geopouioorum
507 1885 620 1968 capita
646 1904 798 1953 manasse
826 1885 891 1953 iam
918 1887 1082 1970 sequitur,
1111 1892 1150 1954 ut
1177 1886 1408 1953 existimemus.

230 1993 289 2060 Sin
318 1998 428 2060 autem
460 1994 500 2060 de
529 1992 659 2060 homine
690 1995 828 2076 quodam
856 1992 1074 2078 sciscitamur,
1104 1993 1161 2076 qui
1188 1998 1223 2061 et
1250 1994 1408 2062 Catonem

230 2104 362 2168 secutus
391 2099 438 2168 sit
460 2099 581 2182 quique
603 2099 674 2182 ipse
697 2119 719 2166 a
742 2100 928 2169 Columella
950 2100 1077 2168 consuli
1099 2100 1259 2185 potuerit,
1285 2101 1409 2185 primus

230 2226 267 2275 se
290 2206 386 2274 offert
412 2208 450 2274 Α.
481 2206 651 2275 Cornelius
680 2208 809 2290 Celsus;
844 2207 885 2275 cf.
912 2208 1097 2293 Klotzium,
1126 2228 1210 2276 neue
1239 2208 1356 2277 Jahrb.
1386 2207 1408 2274 1.

231 2315 351 2395 Philol.
371 2333 402 2382 u.
420 2315 565 2400 Paedag.
584 2317 692 2398 suppl.
710 2317 744 2382 X
760 2317 777 2382 1
799 2315 916 2403 (1844)
934 2336 1009 2401 pag.
1029 2318 1080 2383 60.
1111 2315 1199 2401 Quid
1217 2316 1234 2383 i
1252 2317 1281 2383 si
1298 2315 1410 2383 memi-

231 2420 335 2489 nimus
363 2422 519 2489 adhunc
546 2422 653 2505 ipsum
680 2427 847 2489 auctorem
874 2422 908 2490 in
936 2423 1046 2506 capite
1073 2424 1115 2491 de
1142 2423 1254 2492 scabie
1283 2422 1409 2491 diserte

232 2528 449 2597 Columellam
470 2548 651 2611 provocare
674 2528 763 2615 (pag.
783 2529 832 2618 9),
860 2533 948 2612 quod
969 2530 1035 2598 iam
1053 2530 1245 2599 Schneideri
1269 2531 1410 2598 admira·

232 2637 357 2703 tionem
379 2634 492 2719 movit,
521 2634 642 2719 quippe
665 2655 738 2703 cum
761 2637 896 2705 Catonis
923 2656 1040 2705 nomen
1064 2636 1313 2724 exspectarem.
1363 2638 1411 2704 At

233 2745 320 2825 quod
347 2742 401 2809 hic
425 2743 607 2810 Columella
628 2742 701 2826 ipse
723 2749 866 2813 testatus
889 2750 953 2830 est,
980 2746 1043 2814 hoc
1065 2746 1100 2813 in
1122 2746 1259 2828 reliquis
1282 2764 1410 2828 quoque

233 2851 359 2917 duobus
386 2850 469 2917 locis
496 2852 612 2920 valere
640 2868 679 2917 eo
707 2851 811 2937 magis
839 2851 1055 2938 opinabimur,
1082 2854 1169 2935 quod
1193 2853 1411 2921 Columellam

236 2956 370 3025 Catonis
397 2957 517 3025 librum
545 2957 650 3041 ipsum
678 2958 807 3026 omnino
834 2978 998 3042 uunquam
1021 2966 1099 3028 ante
1122 2963 1234 3028 oculos
1255 2959 1411 3026 habuisse

234 3063 304 3132 fere
327 3068 471 3147 constat;
494 3063 534 3132 cf.
557 3064 660 3132 Klotz
683 3084 758 3150 pag.
777 3067 829 3133 38.
876 3066 1027 3134 Ceterum
1050 3067 1161 3136 obiter
1182 3066 1324 3135 fumasse
1345 3087 1411 3135 non

234 3177 301 3239 tam
334 3171 534 3239 Columellas
567 3191 648 3254 opus
680 3191 777 3254 quam
809 3172 880 3240 eius
912 3179 1079 3241 auctorem
1110 3173 1227 3257 fuisso,
1257 3175 1345 3241 unde
1376 3173 1411 3241 in

236 3279 486 3363 geoponicorum
510 3298 627 3362 corpus
650 3286 862 3363 praeceptum
886 3283 1048 3363 quoddam
1070 3281 1269 3366 pervenerit,
1296 3280 1413 3366 attigit

235 3386 324 3453 Oder
337 3385 372 3453 in
386 3387 468 3454 llus.
486 3387 590 3454 Rheu.
608 3388 652 3453 45
668 3387 785 3475 (1890)
804 3408 834 3472 p.
850 3389 892 3454 65
912 3390 986 3456 adn.
1004 3393 1158 3472 epactam
1175 3408 1269 3474 geop.
1283 3389 1314 3455 V
1329 3390 1412 3473 17,9

235 3493 314 3579 (non
328 3492 372 3581 3).
403 3493 420 3560 I
437 3512 487 3561 em
501 3493 566 3561 illa
578 3514 655 3577 pars
674 3493 782 3581 (geop.
801 3495 857 3562 lib.
871 3494 946 3582 111),
961 3514 1057 3577 quam
1071 3494 1158 3563 idem
1171 3497 1208 3563 iu
1221 3495 1414 3581 geoponicis

236 3601 350 3668 melius
369 3600 578 3685 compositam
593 3621 665 3669 esse
679 3602 786 3672 videri
800 3622 896 3686 quam
911 3605 999 3686 apud
1013 3603 1226 3671 Columellam
1240 3603 1274 3670 in
1288 3602 1353 3673 vol.
1369 3604 1413 3669 48

236 3707 350 3794 (1893)
373 3728 404 3792 p.
428 3711 448 3775 4
471 3711 545 3776 adn.
567 3712 583 3774 1
610 3709 742 3794 monuit,
766 3711 849 3778 bene
872 3711 923 3777 ita
946 3709 1107 3793 explicari
1129 3710 1243 3794 possit.

325 3816 373 3882 At
390 3815 425 3882 in
440 3816 530 3884 Celsi
547 3817 685 3886 inventa
703 3817 903 3885 auctoritate
919 3835 983 3885 uon
997 3816 1250 3903 acquiescemus,
1267 3834 1340 3883 nam
1355 3823 1416 3885 aut

326 4065 349 4136 ¹)
368 4063 484 4132 Gemoll,
503 4064 613 4120 Unters.
632 4083 697 4136 pag.
714 4065 773 4133 l22,
792 4065 943 4133 285-288,
961 4065 1022 4123 242.

325 4153 347 4224 ¹)
367 4154 520 4209 comment.
540 4154 571 4208 in
590 4153 695 4212 Colum.
714 4153 817 4212 librum
835 4171 901 4228 pag.
915 4154 949 4210 82
