2932 4808
641 321 863 390 ...47-

158 517 265 587 latius
288 524 428 604 vagatos
452 538 523 586 esse
548 539 643 601 quam
667 519 857 602 oportuerit.
904 520 984 587 Cato
1007 520 1112 605 igitur
1130 522 1192 588 hac
1211 539 1338 603 quoque

159 629 198 693 in
226 648 261 694 re
290 648 307 693 e
336 629 464 695 Graeco
495 630 645 710 exemplo
675 629 787 709 potuit
816 628 966 710 pendere.
1020 630 1085 695 Sed
1115 629 1249 714 gravius
1279 635 1339 712 est,

160 737 248 816 quod
277 735 341 800 iam
372 735 410 799 Ε.
438 736 564 818 Meyer,
596 734 712 801 Gesch.
741 737 770 800 d.
798 735 945 801 Botanik
972 735 1003 819 I,
1033 735 1213 819 Koenigsb.
1242 739 1338 820 1854,

160 845 225 908 341
251 863 330 926 sqq,
352 843 471 908 Dietze
493 862 567 926 pag.
590 843 639 926 13,
662 842 775 908 Weise
797 861 871 927 pag.
891 845 933 910 56
958 845 1228 927 observaverunt,
1250 844 1338 910 haud

159 970 266 1031 pauca
294 951 458 1019 vocabula
487 949 522 1014 iu
551 949 686 1015 Catonis
714 949 799 1016 libro
829 969 1010 1035 occurrere,
1040 970 1123 1031 quae
1152 957 1267 1032 aperte
1296 971 1337 1016 ex

160 1057 288 1124 Graeco
313 1076 459 1123 sermone
478 1059 649 1139 desumpta
669 1063 752 1123 sunt.
799 1058 885 1124 Sane
908 1060 1084 1125 tenendum
1104 1064 1156 1125 est
1173 1060 1277 1124 multa
1297 1077 1338 1124 ex

159 1165 210 1231 his
239 1167 306 1230 iarn
336 1167 456 1231 dudum
479 1164 635 1230 Romanis
662 1170 741 1230 nota
769 1163 870 1231 fuisse
898 1168 954 1231 vel
978 1165 1091 1231 Plauti
1119 1168 1174 1233 vel
1198 1165 1337 1232 aliorum

159 1272 306 1356 scriptis,
335 1292 418 1353 quae
441 1277 583 1339 aetatem
607 1291 672 1338 non
695 1274 856 1354 tulerunt,
884 1275 941 1341 vel
964 1272 1065 1339 etiam
1087 1292 1234 1339 sermone
1258 1273 1337 1338 coti-

159 1380 265 1446 diano.
313 1380 436 1445 Tamen
458 1378 562 1463 magis
585 1378 745 1445 inusitata
768 1399 851 1459 quae
875 1385 961 1462 sunt,
984 1399 1023 1446 ea
1047 1380 1120 1446 dico
1145 1399 1228 1460 quae
1249 1383 1337 1463 apud

157 1488 317 1554 Plautum
349 1489 489 1553 nondum
522 1486 675 1571 legimus,
707 1488 768 1555 hoo
799 1489 871 1553 loco
904 1486 1064 1572 colligere
1096 1488 1186 1553 haud
1217 1487 1334 1554 inutile

158 1602 253 1677 puto:
282 1597 413 1679 abacus,
441 1614 523 1678 ama,
546 1597 697 1678 amulum,
726 1614 867 1677 amurca,
894 1614 1035 1678 anesum,
1063 1614 1252 1680 asparagus,
1280 1615 1336 1661 au·

157 1710 276 1783 sterus,
293 1702 446 1786 caminus,
461 1703 652 1786 carcinoma,
668 1705 789 1787 cotula,
804 1704 972 1785 cuminum,
992 1703 1136 1786 cummis,
1155 1722 1336 1786 cupressus,

157 1812 315 1895 cydonea,
348 1812 457 1894 depso,
491 1812 677 1894 dyspepsia,
709 1814 929 1895 emplastrum,
964 1816 1111 1894 encytus,
1144 1811 1336 1896 epidromos,

157 1918 328 2001 epistates,
364 1938 504 2002 orreum,
542 1938 715 2002 eugeneus,
751 1918 869 2002 fortax,
929 1937 1052 2001 ypsum,
1086 1917 1155 2002 iris,
1187 1918 1336 2002 isciacus,

156 2026 381 2110 melanthium,
409 2031 530 2109 menta,
557 2026 691 2109 ocinum,
720 2026 839 2109 orchis,
868 2026 1058 2109 origanites,
1087 2026 1237 2109 oxymeli,
1265 2028 1334 2108 pla·

157 2139 265 2217 tanus,
296 2134 472 2219 raphanus,
506 2133 742 2217 soammonium,
776 2133 912 2217 scorpio,
945 2135 1136 2215 serpullum,
1168 2133 1333 2217 silphium,

157 2241 315 2326 spaerita,
335 2247 492 2325 spartum,
511 2242 611 2324 spira,
630 2240 776 2325 spongia,
799 2240 997 2325 stranguria,
1019 2241 1140 2323 taenia,
1160 2245 1335 2324 trapetum,

158 2349 316 2432 trochlea,
340 2349 477 2432 trutina,
500 2350 643 2415 turunda
666 2349 694 2431 (Ρ
702 2349 738 2435 1).

247 2456 389 2538 Quorum
421 2475 575 2522 uumerus
607 2457 709 2522 maior
743 2475 815 2523 esse
846 2456 988 2539 videtur,
1021 2475 1115 2536 quam
1148 2461 1185 2521 ut
1216 2461 1334 2538 putare

156 2563 316 2644 possimus
348 2564 430 2630 haec
462 2564 569 2629 omnia
600 2562 665 2629 iarn
698 2569 775 2630 ante
798 2563 940 2631 'Catonis
973 2563 1092 2629 librum
1125 2585 1145 2629 a
1176 2564 1334 2630 Romanis

156 2677 316 2753 usurpata
335 2690 414 2738 esse.
453 2670 560 2736 ¹Immo
584 2672 648 2737 huc
672 2672 838 2752 pertinere
863 2669 1053 2754 existimem,
1076 2673 1162 2751 quod
1176 2670 1333 2737 Horatius

156 2778 189 2844 in
213 2785 288 2844 arte
312 2779 443 2860 poetica
465 2799 496 2845 v.
512 2781 554 2845 56
569 2799 637 2860 sqq.
658 2779 752 2862 dixit,
775 2785 812 2845 ut
834 2778 935 2844 Ennii
957 2779 1005 2845 ita
1030 2778 1163 2846 Catonis
1186 2777 1333 2862 linguam

156 2887 301 2966 patrium
329 2905 507 2952 sermonem
535 2887 662 2952 ditasse
690 2891 725 2951 et
746 2905 853 2952 rerum
877 2906 965 2952 nova
988 2886 1118 2953 nomina
1142 2885 1332 2968 protulisse:

156 2996 242 3074 quod
270 2993 456 3059 accuratius
485 2997 753 3076 comprobaretur
781 2993 906 3059 Cloatii
929 2993 1010 3060 Veri
1038 2993 1132 3060 libris
1160 2994 1332 3060 verborum

155 3120 174 3166 a
198 3100 337 3167 Graecis
366 3100 586 3184 tractor-unp,
613 3102 642 3166 si
669 3100 797 3170 servati
824 3106 1003 3166 exstarent.
1049 3101 1171 3166 Contra
1198 3100 1331 3167 minoris

154 3207 310 3274 momenti
332 3207 386 3291 sit,
409 3210 495 3288 quod
518 3207 716 3276 adiectivum
740 3209 906 3275 ‘Graecus’
924 3228 990 3274 non
1008 3210 1111 3273 semol
1129 3208 1210 3273 Cato
1230 3207 1332 3273 alicui

152 3317 257 3384 verbo
282 3315 384 3398 addit,
407 3318 502 3383 velut
526 3323 754 3383 commemorat
778 3317 922 3383 Graecas
945 3334 1043 3381 nuces
1067 3315 1101 3381 in
1125 3335 1195 3397 cap.
1218 3318 1246 3399 8,
1271 3314 1331 3398 2³),

153 3422 319 3490 Graecum
349 3423 459 3491 vinum
491 3424 527 3488 in
558 3443 628 3505 cap.
653 3427 695 3488 24
727 3426 858 3504 et105,
885 3426 918 3508 1,
949 3423 1109 3489 Graecum
1137 3422 1267 3489 faenum
1295 3423 1331 3488 in

150 3551 225 3613 cap.
249 3531 290 3595 27
318 3535 351 3596 et
375 3532 427 3613 37,
453 3533 480 3615 1,
504 3531 726 3598 Graecanicas
749 3532 927 3598 trochileas
950 3532 984 3597 in
1009 3551 1078 3612 cap.
1098 3532 1127 3614 3,
1152 3533 1180 3596 5.
1226 3530 1330 3597 Acce-

148 3640 237 3705 dunt
260 3638 416 3721 Cydonea
440 3641 537 3722 mala,
561 3638 659 3706 Coum
683 3640 803 3722 vinum,
828 3639 949 3722 Cypria
973 3645 1006 3704 et
1024 3637 1189 3720 Delphica
1208 3641 1331 3722 laurus,

179 3831 182 3836 ’
243 3833 265 3903 1)
283 3832 324 3886 De
342 3832 395 3887 hoc
415 3834 549 3888 vocabulo
570 3834 603 3887 cf.
622 3833 777 3900 Piechotta,
797 3834 879 3887 Aroh.
899 3834 917 3888 f.
937 3833 987 3887 lat.
1000 3832 1147 3903 Lexilrogr.
1166 3852 1193 3887 u.
1208 3832 1299 3888 Gram.
1318 3833 1330 3886 l

141 3924 245 3996 (1884)
265 3923 316 3978 586
336 3941 389 3991 sq.,
414 3923 522 3992 reliqua
541 3924 655 3977 exhibet
674 3924 703 3977 Ο.
719 3923 820 3990 Weise,
845 3924 890 3977 die
909 3923 1013 3992 griech.
1033 3923 1145 3977 Wdrter
1163 3923 1201 3976 im
1222 3923 1329 3992 Latein,

139 4014 245 4082 Leipz.
266 4013 343 4067 1882.

241 4102 263 4173 2)
283 4102 388 4157 Gellius
407 4122 433 4157 n.
454 4121 479 4157 a.
498 4104 561 4158 XVI
582 4104 622 4157 12.

242 4192 263 4262 3)
283 4191 317 4245 cf.
337 4191 409 4246 Plin.
427 4195 485 4246 nat.
505 4193 569 4246 hist.
590 4193 640 4246 XV
659 4195 701 4248 90.
