2932 4808
633 309 856 374 ..27-

150 525 226 573 cum
249 507 306 572 hic
327 508 433 573 solum
455 507 563 572 oleum
583 505 695 589 addat,
723 504 804 588 salo,
832 503 970 586 cumino,
993 507 1130 587 polenta
1153 505 1234 572 (lato
1258 524 1330 572 eum

151 619 298 696 superat.
332 614 415 679 Inde
438 632 459 679 a
480 612 595 680 verbis
613 612 734 679 ‘eodem
753 609 866 679 addito
885 616 920 677 et
937 611 1054 678 oleum’
1076 630 1189 679 rursus
1206 612 1331 679 Latina

150 719 258 788 forma
281 725 355 787 arta
373 739 445 787 cum
464 719 594 786 Graeca
612 719 777 802 cohaeret,
799 737 875 784 nam
894 717 1064 784 enuntiato
1082 716 1142 785 ‘uti
1159 717 1329 803 frigescat’

149 830 253 910 paulo
276 833 352 911 post
378 829 558 911 respondet
580 826 742 894 Graccum
760 826 827 891 ‘nal
849 826 969 891 διδόναι
990 826 1143 910 ψυχρόν,
1167 828 1252 908 quod
1275 827 1330 893 hic

149 933 296 1002 fortasse
324 934 429 1019 magis
457 953 514 1002 suo
537 935 609 1001 loco
637 939 716 1017 stat,
744 952 839 1014 quam
863 932 950 1015 apud
973 932 1174 1014 Censorium
1201 933 1330 1000 addita-

149 1047 297 1109 mentum
320 1043 444 1125 ‘postea
461 1041 538 1109 edit'
556 1046 595 1109 ut
612 1059 889 1123 supervacaneum
907 1039 1138 1121 relinquamus.
1171 1041 1236 1106 Sed
1254 1061 1329 1125 gra-

149 1149 229 1218 vius
253 1154 312 1234 ost,
335 1151 421 1231 quod
435 1148 582 1217 Oribasii
599 1153 715 1215 auctor
732 1146 817 1214 nihil
839 1149 881 1214 de
900 1147 977 1216 vino
997 1146 1090 1231 dixit,
1113 1147 1169 1230 qui
1191 1154 1328 1234 aegroto

150 1256 228 1322 dari
252 1256 364 1341 possit,
388 1258 506 1323 dumne
527 1254 646 1324 febrim
668 1256 799 1323 habeat.

242 1362 367 1448 Quibus
386 1365 620 1431 demonstratis
637 1381 731 1430 nomo
751 1362 815 1429 iam
835 1362 973 1446 dubitet,
996 1362 1074 1444 quin
1089 1363 1224 1430 Catonis
1238 1364 1329 1430 liber

149 1475 187 1538 et
209 1470 286 1556 ille,
309 1490 404 1553 quem
429 1469 599 1538 Oribasius
622 1475 753 1537 secutus
776 1476 841 1554 est,
868 1469 979 1551 aliquo
1002 1472 1096 1536 modo
1120 1471 1328 1538 cohaereant.

149 1579 346 1662 Priusquam
365 1583 474 1646 autam
492 1580 578 1645 hanc
596 1577 844 1645 similitudinem
858 1579 1029 1660 explicare
1043 1597 1200 1664 conemur,
1222 1599 1328 1661 pauca

150 1688 194 1752 de
213 1686 325 1753 Plinio
349 1685 489 1754 dicenda
511 1691 596 1770 sunt,
619 1686 675 1767 qui
697 1686 732 1753 in
755 1690 822 1752 nat.
845 1685 920 1752 hist.
943 1685 1001 1751 lib.
1025 1687 1093 1753 XX
1108 1689 1150 1752 80
1164 1706 1232 1769 sqq.
1256 1706 1327 1754 eam

149 1795 290 1861 Catonis
308 1793 388 1861 libri
405 1800 542 1878 partem,
566 1813 630 1875 qua
653 1795 693 1861 de
717 1793 836 1878 agitur,
860 1792 1035 1876 exscripsit
1053 1799 1152 1875 atque
1170 1812 1326 1860 nonnum-

149 1921 249 1984 quam
272 1904 314 1969 ab
337 1902 433 1970 illius
454 1901 560 1970 forma
583 1901 718 1969 recedit.
763 1903 818 1967 Ita
845 1902 930 1982 quod
957 1900 1079 1968 attinet
1104 1902 1148 1968 ad
1170 1921 1327 1988 paragra·

147 2009 243 2093 phos,
266 2028 346 2092 quas
369 2011 477 2077 adhuc
499 2009 723 2093 tractavimus,
746 2009 828 2076 haec
851 2010 937 2092 apud
958 2009 1104 2075 Plinium
1128 2007 1327 2095 offendimus,

148 2135 236 2199 quae
263 2115 298 2183 in
320 2116 456 2185 Catonis
484 2117 594 2200 capite
622 2115 747 2184 frustra
775 2135 927 2199 quaeras:
955 2115 1157 2204 ‘(oculorum)
1188 2117 1326 2202 caligini

147 2223 460 2310 scintillationique,
492 2225 659 2292 stomacho
692 2223 771 2311 (nisi
802 2223 890 2291 forte
921 2224 983 2291 hoc
1014 2227 1151 2292 verbum
1188 2225 1326 2292 mediam

150 2332 289 2398 Catonis
313 2329 332 2418 ἓ
358 2335 376 2399 7
400 2331 545 2419 spectat)
574 2385 581 2400 .
606 2386 612 2400 .
636 2385 642 2399 .
671 2337 782 2399 menta
809 2384 815 2399 .
839 2383 846 2397 .
870 2384 877 2398 .
901 2332 1087 2399 acetabulis
1110 2333 1233 2399 duobus
1257 2385 1263 2398 .
1287 2385 1294 2399 .
1319 2386 1325 2400 .

146 2443 342 2521 tantamque
372 2459 443 2507 osse
473 2440 553 2524 vim,
581 2445 620 2506 ιιι
650 2439 706 2523 qni
734 2444 825 2506 terat
853 2440 947 2524 haec,
970 2438 1164 2509 validiorem
1191 2439 1263 2507 deri
1291 2459 1326 2507 se

147 2547 276 2614 sentiat
299 2546 332 2634 (ἓ
356 2547 431 2635 80)’.
468 2547 562 2632 Quod
584 2548 703 2614 hordei
725 2546 834 2615 farina
858 2547 924 2615 alio
948 2549 1021 2615 loco
1041 2552 1140 2629 atque
1164 2547 1325 2615 aGatone

147 2654 351 2721 admiscetur
380 2653 413 2742 (ᾖ
437 2655 507 2742 81),
535 2654 631 2722 huius
661 2674 760 2722 causa
790 2655 1048 2737 perturbationis
1077 2655 1219 2722 fortasse
1251 2661 1325 2722 erat

146 2760 365 2846 indiligentia
378 2762 457 2847 eius,
471 2762 527 2844 qui
540 2767 640 2845 caput
654 2761 839 2845 descripsit
875 2762 977 2830 Porro
996 2763 1324 2831 animadvertendum

146 2874 202 2935 cst
229 2870 288 2935 sub
311 2869 408 2936 linem
434 2869 470 2935 in
492 2874 669 2952 praecepto
694 2870 735 2936 de
757 2868 953 2936 torminibus
976 2889 1050 2954 non,
1072 2869 1166 2938 utin
1190 2869 1325 2937 Catonis

146 2975 246 3060 libro,
265 2975 442 3058 separatim
461 2975 528 3043 dici
546 2979 587 3042 de
605 2978 812 3044 macerando:
836 2982 904 3043 tum
918 2978 1020 3046 verbo
1039 2979 1141 3060 pane’
1159 2996 1218 3062 pro
1233 2977 1324 3044 ‘cibo’

144 3081 257 3166 posito
292 3085 464 3150 edocemur
499 3083 619 3166 capitis
648 3085 710 3150 157
744 3082 881 3150 formam
917 3084 1062 3152 Plinium
1098 3090 1175 3151 ante
1211 3086 1324 3151 oculos

144 3189 314 3256 habuisse.
359 3191 575 3272 Reliquorum
598 3191 879 3275 paragraphorum
903 3190 1108 3258 differentias
1135 3191 1257 3257 addere
1281 3192 1322 3257 ab

143 3298 311 3365 hocloco
339 3298 480 3366 alienum
508 3304 567 3365 est.
613 3297 741 3383 Quibus
768 3297 916 3365 omnibus
944 3299 1110 3365 Henricus
1132 3297 1212 3364 Keil
1240 3317 1323 3364 com·

144 3409 255 3471 motus
286 3410 350 3489 est,
378 3411 417 3471 ut
445 3405 480 3472 in
507 3406 739 3473 commentario
766 3405 801 3472 in
830 3406 964 3474 Catonis
992 3406 1114 3471 librum
1142 3406 1323 3489 composito
1363 3426 1364 3430 ¹

143 3531 223 3596 pag.
239 3513 303 3578 174
322 3517 407 3580 extr.
421 3517 455 3579 et
476 3514 539 3580 179
563 3516 784 3597 neglegenter
800 3513 945 3580 Plinium
965 3512 1099 3580 Catonis
1123 3513 1321 3579 sententiam

142 3618 317 3686 rettulisse
347 3638 482 3703 cumque
512 3620 569 3706 iis,
599 3640 683 3703 quae
714 3640 756 3687 ex
784 3620 878 3688 illins
909 3620 999 3688 libro
1026 3619 1213 3703 petivisset,
1244 3619 1322 3704 alia,

143 3745 232 3809 quae
254 3725 290 3793 in
312 3727 373 3795 illo
397 3746 463 3793 non
485 3727 634 3812 legisset,
657 3728 864 3796 coniunxisse
887 3727 1125 3811 pronuntiaret.

236 3832 303 3900 Sed
325 3832 467 3902 fortasse
489 3834 555 3902 iam
578 3835 710 3920 aliquis,
734 3855 804 3903 oum
829 3854 1062 3919 enumerarem,
1085 3854 1169 3917 quac
1191 3834 1322 3901 Plinius

141 3959 227 4025 prae
251 3941 384 4009 Catonis
406 3940 521 4028 forma,
543 3961 640 4025 quam
662 3963 721 4011 nos
744 3944 909 4027 habemus,
932 3945 1031 4025 plura
1053 3942 1196 4029 exhibet,
1219 3943 1321 4010 admi·

140 4055 239 4117 ratus
268 4053 332 4133 est,
359 4052 445 4131 quod
471 4053 633 4118 nonnulla
661 4070 784 4136 corum,
808 4069 892 4133 quae
915 4052 1002 4134 apud
1024 4051 1168 4117 Plinium
1191 4048 1322 4117 adiecta

142 4160 290 4240 exstant,
313 4155 458 4224 Oribasii
481 4176 607 4240 quoque
631 4164 731 4241 caput
753 4158 909 4243 continet,
932 4159 984 4226 sin
1007 4158 1119 4243 minus,
1142 4176 1228 4224 nunc
1250 4175 1321 4224 enm
1437 4245 1441 4252 Ι
