2910 4836
618 323 839 388 ..30¹-

64 553 66 556 >
141 515 249 598 aliquo
278 517 496 599 componendo
525 522 714 601 occupatum
747 537 819 584 esse
847 535 983 599 cumque
1011 516 1110 583 etiam
1139 515 1313 583 sententiis

140 623 174 690 in
203 624 266 691 hac
295 630 391 706 parte
420 643 600 691 sermonem
630 629 779 708 exornet,
809 625 844 690 id
872 643 974 708 genus
998 623 1224 691 additamenta
1252 643 1314 706 quo

140 729 271 815 longius
299 730 521 816 progreditur,
556 751 594 799 eo
629 737 803 799 occurrunt
836 731 977 814 rariora;
1008 736 1084 813 post
1116 731 1312 798 sententiam

141 838 261 921 capitis
291 839 343 922 39,
370 841 389 902 2
420 838 585 924 ‘cogitata
615 837 644 906 si
673 838 759 906 nihil
789 839 855 923 fiet,
883 838 987 905 nihilo
1015 838 1123 905 miuus
1151 845 1314 921 sumptum

138 943 292 1013 futurum’
315 947 443 1013 demum
467 966 535 1029 cap.
550 949 591 1013 61
617 946 722 1014 simile
745 948 906 1029 quoddam
930 945 1119 1013 offendimus
1142 944 1240 1030 ‘Quid
1264 951 1314 1012 est

140 1052 216 1135 eqs.'
239 1058 340 1135 atque
368 1059 438 1120 tum
465 1073 569 1136 usque
597 1055 640 1121 ad
668 1072 738 1137 cap.
756 1055 829 1138 157,
844 1056 874 1138 8,
902 1055 988 1135 quod
1015 1053 1200 1120 accuratius
1230 1073 1333 1123 com.

138 1160 280 1242 positum
294 1179 367 1228 esse
379 1160 444 1227 iam
458 1163 603 1230 vidimus
617 1167 717 1243 atque
732 1162 831 1228 etiam
845 1159 933 1228 infra
946 1161 1132 1229 videbimus
1146 1159 1236 1247 (pag.
1247 1159 1312 1248 43),

138 1267 222 1334 nihil
253 1268 322 1334 eius
351 1268 439 1334 modi
469 1269 649 1336 invenitur.
695 1267 787 1353 Quae
817 1286 889 1335 cum
920 1267 970 1334 ita
999 1269 1077 1352 sint,
1106 1268 1189 1334 haec
1219 1267 1311 1334 illius

139 1374 220 1441 libri
242 1395 319 1458 pars
342 1395 408 1443 non
426 1382 493 1443 tam
511 1375 591 1444 iusti
608 1375 695 1460 libri,
723 1395 819 1458 quam
838 1376 1066 1442 commentarii
1093 1393 1174 1456 prae
1193 1394 1229 1442 se
1247 1373 1312 1441 fert
1333 1424 1336 1431 .

138 1482 293 1566 speciem,
319 1482 355 1548 in
378 1501 472 1565 quem
499 1502 560 1565 per
582 1503 736 1551 annorum
760 1483 876 1550 seriem
899 1487 998 1565 prout
1020 1481 1145 1564 aliquid
1167 1482 1312 1548 habebat

139 1594 174 1655 et
195 1589 352 1673 temporis
375 1590 518 1672 spatium
540 1591 732 1673 patiebatur
754 1591 919 1658 assiduam
942 1609 983 1657 ac
1000 1589 1191 1675 diligentem
1212 1588 1310 1671 scrip

138 1703 245 1763 turam
267 1697 301 1763 in
324 1697 417 1764 aliud
434 1703 562 1781 tempus
582 1697 769 1784 differens¹)
791 1697 922 1764 interim
942 1715 1120 1782 congerere
1139 1695 1310 1784 solebati).

137 1803 178 1869 In
205 1804 269 1871 tali
296 1804 461 1871 scribendi
488 1805 617 1872 ratione
645 1804 746 1873 facile
769 1805 843 1872 lieri
865 1805 1028 1889 potuisse,
1051 1809 1089 1871 ut
1110 1803 1196 1870 idem
1218 1821 1309 1886 pree·

138 1917 266 1994 ceptum
285 1911 336 1979 bis
356 1914 521 1998 conderet,
543 1932 636 1980 nemo
654 1913 720 1980 iam
737 1919 845 1998 neget.
881 1912 1038 1979 Fortasse
1061 1912 1103 1977 de
1127 1929 1164 1978 eo
1184 1929 1309 1993 quoque

138 2019 288 2102 cogitare
310 2018 392 2086 licet
414 2039 661 2105 nonnumquam,
685 2040 755 2088 cum
778 2019 866 2088 forte
889 2018 971 2087 satis
989 2018 1145 2101 temporis
1163 2018 1309 2102 haberet,

139 2126 296 2193 Catonem
319 2126 454 2209 aliquod
478 2133 576 2210 caput
598 2127 917 2212 itapretractaudum
941 2125 1005 2193 sibi
1028 2121 1252 2209 proposuisse,
1274 2129 1309 2192 ut

137 2231 316 2314 aliquando
344 2233 379 2299 in
404 2233 488 2303 libro
512 2233 663 2302 confecto
693 2240 727 2302 et
751 2235 901 2303 absoluto
925 2239 1057 2302 exstare
1085 2233 1117 2300 ei
1143 2233 1308 2315 placebat3
1345 2306 1349 2315 ,

138 2342 224 2421 quod
247 2340 276 2406 si
298 2341 506 2426 accipiamus,
528 2342 617 2409 haud
645 2343 713 2409 scio
740 2362 783 2409 au
805 2344 890 2411 bene
914 2340 1109 2425 explicetur,
1133 2341 1220 2422 quod
1241 2342 1309 2422 ple
1348 2336 1352 2341 '

137 2465 271 2529 rumque
284 2448 447 2530 posterior
461 2448 603 2516 eiusdem
616 2449 785 2533 praecepti
803 2448 908 2517 forma
924 2448 1062 2532 politior
1080 2466 1152 2515 esse
1166 2446 1306 2530 videtur,
1341 2434 1352 2451 ⁵

137 2557 233 2623 velut
259 2555 295 2622 in
323 2556 488 2639 capitibus
511 2559 553 2623 28
583 2561 617 2624 et
640 2558 696 2640 61,
719 2559 762 2624 48
787 2561 822 2623 et
845 2557 922 2641 151,
947 2554 1026 2645 51l2
1050 2561 1085 2622 et
1109 2556 1187 2639 133,
1210 2555 1251 2620 91
1276 2557 1309 2620 et

139 2660 244 2748 129⁸).
290 2663 377 2730 Aliis
404 2664 487 2731 locis
510 2663 591 2731 Cato
618 2663 739 2746 prioris
765 2663 888 2731 formae
911 2662 1038 2731 omuino
1065 2681 1130 2730 nou
1158 2662 1225 2728 iam
1247 2679 1309 2728 me-

137 2769 267 2835 minisse
290 2769 430 2839 videtur.
466 2770 521 2838 Ita
542 2771 700 2856 profecto,
724 2771 873 2853 quamvis
887 2770 1000 2839 Weise
1021 2768 1109 2856 (pag.
1124 2769 1159 2856 6)
1182 2767 1309 2834 incerta

136 2875 300 2943 Nitzschii
323 2883 517 2962 argumenta
538 2896 687 2962 premens
711 2879 814 2946 aliter
837 2882 984 2962 censeat,
1007 2874 1128 2943 librum
1151 2874 1308 2958 paulatim

138 2983 354 3067 conscriptum
382 3003 455 3052 esse
483 2984 563 3052 mihi
591 2985 750 3069 persuasi.
799 2987 912 3067 Neque
941 3003 1012 3051 cum
1035 2979 1201 3069 Dietzio⁴)
1225 2983 1309 3064 quod

137 3093 181 3158 ad
198 3091 283 3159 hanc
302 3111 404 3174 usque
423 3098 566 3160 aetatem
584 3093 738 3176 pervenit
755 3093 790 3160 id
807 3112 880 3161 esse
898 3096 986 3177 puto,
1010 3092 1096 3174 quod
1110 3089 1192 3156 Cato
1210 3106 1309 3155 senex

136 3205 314 3283 praecepta
327 3200 388 3266 illa
406 3200 441 3267 in
455 3200 598 3267 ordinem
613 3203 772 3283 quendam
787 3200 942 3286 redigens
960 3197 1110 3281 confecit,
1133 3199 1192 3263 sed
1204 3196 1308 3279 ipsum

136 3306 227 3372 illum
250 3308 527 3393 commentarium,
549 3308 584 3374 in
608 3327 700 3390 quem
725 3327 808 3390 quae
835 3309 1000 3377 noscenda
1022 3304 1089 3373 sibi
1110 3305 1184 3374 visa
1207 3308 1310 3386 erant,

228 3467 247 3539 ι)
267 3466 301 3522 cf.
320 3466 428 3534 Holtae,
448 3470 520 3537 synt.
539 3465 622 3537 prisc.
641 3466 737 3537 script.
755 3467 816 3522 Lat.
835 3467 889 3523 vol.
902 3467 923 3536 Ι,
941 3465 1016 3536 Lips.
1031 3465 1108 3531 1861,
1127 3480 1193 3535 pag.
1212 3463 1259 3517 28:
1278 3463 1310 3517 ut

130 3555 226 3628 ,multa
244 3555 371 3612 celeriter
390 3555 444 3610 sibi
456 3557 605 3611 adnotaret
620 3558 730 3612 tantum
747 3573 819 3625 quae
835 3558 934 3627 postea
946 3555 1097 3610 secundum
1109 3552 1310 3624 grammaticae

109 3638 112 3643 ’
136 3648 288 3715 praecepta
305 3645 443 3701 severiora
460 3645 546 3701 vellet
563 3646 718 3704 emendare.

225 3733 247 3804 ⁹)
269 3733 304 3788 cf.
328 3734 397 3801 Leo,
422 3734 542 3805 plautin.
564 3736 775 3808 Forschungen,
798 3735 872 3790 Berl.
897 3735 974 3802 1895,
997 3733 1044 3788 35:
1072 3733 1112 3786 Im
1137 3734 1230 3786 ersten
1249 3730 1310 3786 'l'eil

137 3821 235 3877 dauert
253 3823 345 3894 einige
364 3823 507 3896 Ordnung,
527 3825 689 3880 allmtthlich
706 3824 777 3880 wird
795 3842 824 3880 es
842 3823 905 3879 eine
923 3822 1005 3878 wilde
1017 3821 1174 3877 Sammelei.
1205 3819 1311 3875 Hauler

136 3913 154 3967 l.
170 3930 191 3967 a.
204 3931 225 3967 s,
243 3930 308 3984 pag.
321 3915 339 3968 4
353 3931 393 3982 aq.

226 4003 246 4074 ³)
266 4002 404 4058 cf.Weise
422 4003 440 4058 l.
454 4021 474 4058 s.
489 4021 510 4058 s.
529 4020 594 4075 pag.
611 4004 674 4073 101,
695 4004 758 4073 102,
778 4005 821 4073 97,
841 4003 904 4071 139,
926 4002 989 4070 102,
1010 4002 1070 4056 148.
1111 3998 1310 4067 Reitzenstein,

136 4092 333 4148 Wochenschr.
352 4092 372 4146 f.
390 4091 469 4147 cluss.
488 4093 622 4149 Philol.V
635 4092 726 4165 (1888)
745 4093 797 4148 589
816 4093 880 4149 adn.
898 4094 924 4160 4,
943 4091 1004 4147 590.

225 4181 247 4255 ⁴)
264 4183 294 4237 L.
307 4181 411 4250 Dictae,
430 4183 465 4238 de
478 4199 603 4238 sermone
616 4181 780 4250 catoniano,
792 4182 857 4239 diss.
870 4181 944 4252 Lips.
958 4180 1100 4251 Tanglimi
1116 4178 1193 4246 1870,
1208 4197 1273 4251 pag.
1284 4183 1311 4236 5.
