2932 4808
626 336 845 404 ..33-

133 534 175 598 et
199 530 332 599 Plinius
355 531 417 599 soli
439 532 607 616 praebent,
631 533 742 600 verba.
788 532 875 598 illud
903 550 983 600 sane
1006 531 1077 602 veri
1100 531 1207 600 simile
1230 532 1323 619 cst1),

134 639 205 707 hoc
235 637 265 705 si
293 640 481 724 probamus,
516 639 611 709 novis
645 637 848 723 implicamur
879 638 1138 707 difficultatibus.
1189 640 1323 707 Etenim

135 750 202 814 aut
234 748 444 814 statuendum
477 751 529 813 est
560 746 659 831 illum,
691 747 748 828 qui
778 746 941 815 Graecum
975 752 1074 830 caput
1103 744 1256 831 confecit,
1289 752 1324 814 et

136 855 187 922 ad
221 853 326 921 Plinii
360 859 526 922 auctorem
562 858 596 921 et
630 855 674 921 ad
706 853 861 921 (latonam
894 854 999 936 ipsum
1034 873 1070 920 se
1104 855 1322 924 convertisse:

139 963 234 1044 quod
269 980 385 1044 pamm
421 961 579 1029 credibile
616 980 687 1029 esse
724 962 790 1029 iam
822 961 1048 1029 intelleximus
1080 981 1155 1047 pag.
1179 964 1235 1048 28,
1266 967 1324 1030 aut

139 1087 344 1136 communem
379 1068 476 1136 illum
514 1074 548 1136 et
580 1068 703 1137 Graeci
736 1069 908 1153 scriptoris
945 1074 980 1137 et
1016 1067 1119 1136 Plinii
1156 1074 1324 1137 auctorem

138 1195 281 1245 necesse
310 1175 374 1245 erit
398 1179 594 1245 contendere
622 1182 656 1244 et
684 1196 725 1244 ex
755 1179 905 1260 eapuso
930 1181 963 1243 11
986 1195 1028 1244 ex
1056 1177 1205 1260 111157
1230 1197 1324 1262 prae-

139 1289 277 1368 ceptum
308 1283 393 1352 illud
424 1286 465 1351 de
494 1284 644 1352 molestis
677 1284 871 1353 torminibus
903 1283 938 1351 iu
974 1303 1066 1352 suum
1103 1303 1184 1368 opus
1215 1290 1324 1352 11111-

138 1392 281 1459 tulisse:
305 1395 392 1474 quod
414 1392 536 1460 nemini
559 1392 673 1476 opinor
694 1393 957 1476 persuadeamus.
1003 1391 1112 1476 Quare
1139 1393 1204 1459 iam
1227 1391 1324 1460 unica

138 1503 242 1583 patet
264 1498 320 1568 via
342 1504 461 1583 putare
481 1499 598 1567 Catoni
620 1498 685 1583 ipsi
709 1519 757 1584 ea,
781 1518 865 1582 quae
879 1498 980 1566 Plinii
999 1518 1080 1583 opus
1099 1499 1167 1566 alia
1185 1500 1325 1582 praebet

139 1625 184 1674 ac
208 1605 308 1692 liber,
332 1607 447 1689 quiin
469 1606 620 1675 manibus
644 1612 704 1691 est,
726 1607 926 1676 vindicanda
949 1626 1030 1692 esse,
1054 1607 1216 1675 Graecum
1233 1626 1324 1692 1111,

139 1720 182 1783 ut
201 1713 305 1781 Plinii
323 1719 498 1799 auctorem,
520 1715 685 1783 meliorem
705 1714 799 1782 illum
818 1720 944 1782 textum
958 1715 1094 1782 Catonis
1113 1713 1324 1799 descripsisse

127 1840 285 1904 eumque
313 1822 471 1907 hausisse,
502 1823 589 1908 quod
618 1841 704 1889 nunc
734 1822 866 1904 quidem
895 1822 1005 1889 dicere
1037 1823 1130 1906 licet,
1160 1840 1200 1888 ex
1227 1821 1324 1906 libro,

141 1948 243 2013 quem
278 1929 381 1997 Plinii
418 1949 546 2012 quoque
583 1934 750 1997 auctorem
787 1929 917 1997 Celsum
955 1929 1146 1997 adhibuisse
1182 1928 1324 1998 vidimus

140 2037 236 2125 (pag.
251 2036 317 2124 31),
340 2039 383 2105 ad
405 2037 514 2106 filium.

238 2145 359 2213 Verum
383 2147 508 2227 duplex
530 2164 644 2212 rursus
668 2146 773 2213 oritur
795 2144 989 2212 difficultas:
1013 2144 1150 2227 primum
1172 2144 1215 2228 id,
1239 2144 1324 2225 quod

141 2272 250 2338 supra
270 2252 307 2320 in
328 2253 390 2320 tali
412 2251 507 2337 libro,
530 2255 662 2334 qualem
686 2252 827 2321 confecit
849 2252 952 2319 Plinii
975 2257 1091 2320 auctor
1114 2258 1149 2318 et
1172 2251 1324 2336 oribasii,

143 2360 345 2430 incredibile
368 2379 441 2428 esse
464 2360 604 2427 diximus
628 2359 715 2446 (pag.
731 2360 796 2448 33),
824 2379 910 2427 nuuc
939 2362 979 2427 de
1003 2359 1126 2427 Catone
1153 2360 1223 2442 ipso
1250 2378 1324 2442 pro-

142 2467 362 2538 nuntiandum
392 2472 456 2553 est,
484 2468 557 2535 dico
584 2468 620 2534 in
646 2468 765 2535 librum
793 2471 837 2534 ad
862 2467 964 2534 fflium
991 2472 1027 2534 et
1054 2466 1173 2551 capitis
1198 2468 1262 2534 156
1290 2473 1325 2533 11

143 2576 348 2661 1111111157
367 2575 538 2658 praecepti
563 2578 603 2642 de
621 2575 815 2642 torminibus
832 2574 970 2642 formam
994 2576 1035 2643 ab
1060 2593 1098 2641 eo
1119 2564 1194 2642 esse
1213 2592 1324 2656 recep

142 2690 228 2768 tam,
257 2686 326 2750 tum
355 2681 420 2749 iam
450 2701 550 2766 supra
580 2702 654 2768 pag.
670 2685 712 2750 25
727 2702 773 2765 sq.
802 2682 924 2749 dictum
955 2688 1007 2750 est
1034 2681 1196 2751 Graecum
1224 2687 1325 2764 caput

142 2800 221 2861 tuta
251 2790 489 2874 compositione
520 2796 555 2856 et
583 2809 704 2875 genere
735 2790 867 2857 dicendi
899 2809 978 2873 prae
1011 2789 1144 2856 Catonis
1176 2807 1323 2856 sermone

143 2899 324 2969 excellere:
346 2898 382 2965 in
403 2897 531 2966 Graeco
560 2897 667 2981 capite
696 2897 812 2982 omnia,
840 2916 923 2980 quae
952 2888 998 2964 de
1015 2896 1163 2964 brassica
1185 2896 1324 2964 dicenda

143 3013 236 3092 suut,
258 3007 342 3074 bono
356 3004 469 3074 ordine
485 3005 643 3088 disposita
657 3005 875 3088 proferuntur,
898 3005 1037 3088 primum
1056 3005 1214 3086 quomodo
1234 3006 1325 3070 dese·

144 3105 245 3184 cetur
267 3119 302 3182 et
322 3116 465 3197 lavetur,
491 3119 561 3180 tum
584 3130 669 3195 quae
694 3113 725 3180 ei
750 3112 959 3180 admiscenda
981 3111 1057 3196 sint,
1081 3112 1200 3179 deinde
1223 3129 1321 3193 quan-

142 3230 218 3293 tum
247 3221 360 3290 bibere
390 3221 555 3305 expediat,
584 3239 679 3302 porro
709 3220 765 3302 qui
787 3221 892 3287 morbi
920 3239 960 3288 ea
989 3224 1158 3301 sanentur,
1188 3219 1323 3301 primum

143 3333 261 3416 cruda,
288 3335 356 3397 tum
380 3333 482 3414 cocta,
506 3329 646 3410 denique
670 3328 823 3411 quamdiu
846 3329 928 3395 haec
952 3327 1080 3395 curatio
1104 3328 1213 3408 duret3
1237 3328 1324 3408 apud

142 3439 306 3506 Catonem
329 3436 415 3503 idem
437 3436 516 3504 ordo
539 3454 618 3502 sanc
639 3438 742 3521 adest,
765 3438 823 3503 sed
844 3454 930 3503 nunc
944 3434 1090 3502 breviter
1111 3433 1191 3519 agit,
1214 3434 1264 3500 ita
1286 3439 1325 3499 ut

141 3544 272 3615 Latina
289 3549 363 3611 arte
381 3563 452 3611 cum
468 3543 604 3612 Graeca
616 3543 801 3610 consentiat
818 3542 922 3610 forma
936 3543 1026 3628 (pag.
1041 3542 1107 3628 26),
1130 3541 1209 3621 quin
1224 3540 1323 3606 etiam

140 3651 274 3724 Graeci
296 3651 415 3738 capitis
437 3656 565 3735 partem
587 3651 727 3736 singulis
749 3657 876 3717 tantum
896 3649 1008 3718 verbis
1028 3650 1210 3733 adumbret,
1233 3648 1325 3716 velut

139 3853 182 3908 de
200 3848 346 3905 oculorum
367 3846 495 3902 claritate
513 3845 646 3917 loquitur,
666 3864 737 3916 quae
756 3847 852 3901 eadem
871 3862 981 3913 quoque
1005 3845 1080 3915 apud
1098 3844 1232 3900 Catonem
1251 3845 1279 3913 (5
1297 3846 1324 3915 6)

138 3944 236 4011 atque
254 3936 340 3993 otiam
359 3937 435 4008 apud
452 3935 574 3991 Plinium
592 3939 618 4007 (ᾖ
632 3937 678 4007 80)
696 3936 753 3990 iam
771 3936 869 3990 1111111
888 3937 930 3990 111
948 3937 1033 4002 tacta,
1052 3933 1185 3988 hocloco
1204 3933 1267 3988 idco
1280 3951 1323 3988 res

138 4030 233 4088 aliter
256 4044 286 4083 se
308 4027 407 4096 habet,
426 4026 493 4095 quia
516 4027 591 4095 quod
613 4026 660 4081 hic
683 4026 772 4080 visum
796 4029 838 4079 ast
856 4024 947 4078 Plinio
971 4024 1178 4095 gravissimum,
1201 4027 1276 4078 certe
1294 4023 1323 4076 id

137 4124 196 4190 eut,
217 4118 298 4188 quod
315 4119 427 4187 postero
447 4117 557 4171 demum
577 4115 722 4170 enuntiato
741 4115 854 4169 additur
873 4119 977 4167 ‘sucum
997 4130 1060 4167 veno
1080 4113 1145 4181 eqs’.

238 4209 261 4280 ¹)
280 4206 469 4262 Reitzenstein
487 4205 504 4262 l.
519 4224 538 4261 s.
553 4224 573 4260 s.
594 4207 653 4261 591.

1128 4291 1143 4345 3
