2932 4808
619 315 668 400 γ4
716 353 758 418 ss
805 373 848 400 ·-

141 544 201 629 dui
224 551 285 628 per
307 544 487 614 brassicam
508 541 708 613 curationem
732 547 932 615 valetudInis
950 547 1232 632 praescripserint,
1252 568 1323 616 eos-

143 674 208 736 que
236 653 491 738 Erasistratum,
522 654 770 739 Hippocratem,
803 656 1052 740 Apollodorum,
1084 655 1322 741 Philistionem,

141 761 385 845 Epicharmum,
410 762 464 843 qui
488 780 605 846 omnes,
629 761 663 828 ni
686 762 793 846 fallor,
817 768 895 829 ante
912 763 1045 830 Catonis
1069 768 1214 830 aetatem
1227 763 1324 829 floru-

142 875 251 937 erunt.
307 871 478 936 Accedunt
510 869 656 953 Diocles,
686 871 946 954 Theophrastus,
964 870 1172 952 apollonius
1201 875 1236 936 et
1262 870 1324 954 illi,

142 978 213 1058 001
231 982 306 1059 post
329 977 463 1043 Catonis
495 982 645 1059 tempora
674 977 709 1042 id
741 986 842 1061 genus
870 985 1049 1060 praecepta
1078 977 1211 1060 scriptis
1234 997 1324 1044 man·

143 1087 266 1150 darunt
298 1102 443 1166 quosque
475 1083 533 1151 vix
565 1084 877 1169 praetermittendos
910 1104 982 1151 esse
1013 1090 1138 1169 putem,
1171 1085 1323 1167 quoniam

141 1191 270 1273 priores
295 1191 482 1258 exscribere
505 1191 553 1257 eIs
577 1191 794 1274 scriptoribus
817 1191 1065 1259 usitatissimum
1089 1191 1192 1258 fuisse
1217 1193 1324 1259 adhuc

143 1298 360 1383 cognoscitur.
398 1299 463 1365 Sed
487 1317 549 1379 000
574 1299 771 1365 commodius
794 1301 857 1365 hac
881 1303 920 1365 de
944 1320 981 1367 re
1005 1305 1134 1385 agatur,
1158 1300 1205 1366 sic
1227 1300 1323 1366 insti·

142 1412 243 1490 tuam,
267 1412 305 1472 ut
327 1407 386 1473 ubi
406 1407 556 1487 quodque
574 1407 707 1473 Catonis
725 1412 936 1489 praeceptum
960 1407 1156 1492 reperiatur,
1179 1405 1329 1478 breviter

141 1533 230 1580 nunc
252 1520 370 1581 notem.

234 1620 415 1704 Tripertito
439 1627 476 1687 ut
499 1624 586 1704 apud
601 1622 756 1690 Catonem
779 1622 814 1687 in
839 1642 907 1704 cap.
925 1625 986 1688 157
1011 1623 1178 1690 brassicae
1201 1642 1325 1708 genera

142 1729 210 1795 iam
248 1729 442 1797 dividuntur
478 1732 565 1811 apud
598 1729 742 1796 Graecos
779 1730 1021 1811 antiquissimos
1058 1731 1158 1817 (Plin.
1180 1732 1249 1797 XX
1273 1733 1324 1798 79.

143 1837 231 1902 XIX
249 1835 334 1922 801),
358 1839 445 1919 apud
468 1838 729 1919 Theophrastum
753 1837 842 1922 (hist.
861 1838 964 1919 plaut.
983 1839 1049 1903 VII
1067 1842 1095 1922 4,
1116 1837 1192 1924 41)),
1215 1838 1323 1905 Eude-

143 1963 240 2028 mum,
254 1943 453 2010 Nicandrum
469 1943 605 2029 (Athen.
615 1945 666 2010 IX
677 1947 741 2011 369
749 1964 774 2010 e.
786 1947 850 2012 370
862 1951 903 2029 a),
918 1945 1143 2012 Dioscoridem
1158 1945 1189 2030 (Ι
1200 1945 1278 2033 262)
1303 1945 1324 2032 ),

144 2051 309 2118 Galenum
338 2050 428 2139 (vide
451 2050 606 2135 indicem,
630 2055 711 2118 med.
736 2052 859 2118 Graec
878 2073 926 2134 op.
952 2054 1001 2118 ed.
1025 2054 1144 2119 Kuehn
1167 2056 1233 2120 vol.
1248 2053 1323 2138 XX,

144 2180 169 2224 s.
194 2179 225 2226 v.
248 2157 449 2246 brassicae.

236 2267 317 2331 Tum
348 2270 432 2347 quod
463 2270 549 2348 apud
577 2267 733 2333 Catonem
764 2267 862 2333 etiam
894 2273 992 2349 atque
1023 2267 1123 2333 etiam
1152 2268 1324 2352 repetitur,

144 2373 218 2440 dico
252 2374 513 2440 concoctionibus
546 2374 724 2440 brassicam
760 2374 919 2458 conferre,
961 2380 1071 2441 notum
1104 2379 1155 2441 est
1185 2376 1323 2442 Graecis

144 2481 247 2566 (Plin.
269 2482 337 2545 XX
359 2484 410 2547 84.
432 2482 489 2566 85)
519 2481 583 2547 his:
613 2482 810 2564 Hippocrati
843 2482 872 2568 (I
895 2484 968 2548 687.
999 2483 1129 2548 11423.
1160 2482 1213 2548 ΠΙ
1237 2481 1324 2568 593),

143 2587 288 2654 Dieuchi
311 2589 412 2675 (apud
435 2588 562 2655 Oribas.
586 2591 621 2654 II
641 2590 733 2674 261),
762 2590 874 2657 Diocli
897 2593 960 2673 (ap.
985 2588 1113 2656 Oribas.
1137 2590 1256 2655 11259
1281 2621 1322 2646 =

143 2696 345 2779 Wellmann,
369 2697 450 2762 med.
475 2697 591 2764 Graec.
615 2696 729 2781 fragm.
748 2699 774 2781 Ι,
798 2699 886 2763 Berl.
909 2699 1004 2780 1901,
1029 2697 1116 2783 140),
1141 2697 1322 2779 Chrysippo

143 2802 286 2889 (Gargil.
301 2823 375 2887 pag.
393 2805 454 2869 167
470 2804 569 2889 Rose)
593 2810 692 2885 atque
715 2811 789 2886 post
808 2805 945 2872 Catonis
969 2810 1113 2870 aetatem
1136 2804 1324 2871 Dioscoridi

145 2910 176 2996 (I
200 2910 290 2996 262),
313 2911 399 2977 Rufo
424 2913 524 2997 (apud
550 2911 676 2978 Oribas.
691 2913 727 2977 II
744 2913 829 2999 120),
854 2912 979 2978 Galeno
995 2913 1145 2997 (71354.
1161 2914 1234 2979 631.
1251 2915 1323 2978 770.

143 3018 286 3084 111575.
313 3019 382 3083 XII
396 3021 469 3085 496.
497 3020 580 3085 XIV
596 3022 669 3084 226.
699 3020 764 3085 XV
779 3023 852 3086 338.
882 3020 982 3085 XVII
1000 3023 1033 3102 1,
1047 3020 1141 3104 403),
1170 3018 1320 3086 Oribasio

144 3126 178 3212 (I
194 3127 245 3192 76.
261 3128 324 3191 240
340 3146 386 3207 sq.
402 3124 456 3214 [ex
472 3125 644 3214 Galeno?].
690 3127 702 3143 ’
719 3129 790 3193 176.
819 3128 866 3192 VI
882 3126 986 3214 2819),
1009 3146 1101 3210 geop.
1117 3125 1200 3211 (XII
1216 3128 1265 3210 17,
1281 3130 1322 3208 2).

236 3234 448 3300 Terminibus
472 3239 509 3300 ut
532 3235 614 3301 Cato
639 3240 673 3301 et
689 3234 833 3301 Oribasii
858 3239 974 3300 auctor
998 3235 1085 3300 solus
1104 3234 1322 3315 Hippocrates

144 3341 327 3408 brassicam
342 3342 502 3408 adhibens
517 3344 666 3407 medetur
681 3341 779 3427 (Ptin.
794 3343 862 3407 XX
877 3340 941 3427 86),
964 3341 1053 3424 item,
1077 3343 1163 3422 quod
1176 3340 1324 3421 sequitur

145 3469 216 3529 cap.
241 3451 318 3533 150,
341 3451 374 3532 7,
405 3449 532 3515 urinam
565 3468 691 3529 quoque
724 3450 786 3515 hac
820 3449 983 3515 medicIna
1016 3448 1096 3514 cieri
1134 3450 1221 3530 apud
1254 3453 1322 3513 tres
1428 3532 1429 3535 Ἴ

144 3561 275 3622 tantum
290 3557 421 3638 repperi
436 3557 661 3622 Dioscoridem
677 3557 707 3642 (1
723 3557 809 3642 262),
828 3555 947 3622 Rufum
961 3555 1137 3637 Ephesium
1154 3553 1242 3639 (pag.
1258 3557 1320 3620 541

237 3772 257 3841 ¹)
282 3770 322 3824 De
346 3771 470 3840 raphano
491 3772 667 3825 :brassica
695 3763 728 3824 cf.
752 3771 868 3825 Aristot.
893 3772 937 3823 Ζιε
958 3771 999 3823 19.
1019 3770 1070 3823 551
1091 3787 1107 3822 0
1128 3770 1169 3823 15.
1193 3769 1322 3838 Apollod.

145 3860 253 3929 Caryst.
279 3862 355 3930 apud
380 3861 554 3915 Athenaeum
581 3862 593 3914 Ι
618 3862 653 3916 34
674 3861 699 3914 d.
725 3859 953 3915 delenificae.
979 3859 1079 3912 Pollux
1105 3860 1197 3912 1247.
1222 3859 1260 3912 VI
1280 3861 1322 3914 54.

144 3949 273 4004 Eustath.
293 3951 329 4003 ad
349 3951 398 4004 Od.
413 3951 424 4003 I
441 3953 500 4005 197.
521 3952 597 4018 1623,
617 3952 651 4003 42
671 3951 713 4004 ed.
732 3950 811 4004 Rom.

235 4039 257 4108 ²)
278 4040 310 4091 ‘A
329 4040 430 4107 quibus
453 4041 602 4094 memoriae
626 4039 739 4109 prodita
757 4039 895 4093 brassicae
915 4038 1025 4108 singula
1044 4056 1147 4108 genera
1169 4041 1248 4092 utre
1268 4037 1322 4091 for-

143 4133 219 4183 tasse
238 4146 295 4182 non
314 4129 452 4196 differant,
472 4131 513 4184 its
532 4130 634 4199 partim
651 4129 783 4184 differunt
795 4129 915 4183 nomine'
930 4129 971 4198 (Ο.
987 4128 1144 4194 Schneider,
1158 4127 1321 4192 Nicandrea,

143 4220 220 4289 urps.
241 4220 319 4287 rese,
337 4238 401 4289 pag.
417 4221 486 4290 ne).

1126 4307 1161 4360 3*
