2932 4808
709 301 933 367 ..16-

234 497 436 567 Columellae
464 495 657 579 quibusdam
685 495 769 565 locis
796 497 941 580 pendere
968 495 1154 579 suspicatus
1177 495 1270 583 est1).
1316 494 1411 579 Quod

233 605 351 673 falsum
379 623 451 673 esse
479 605 527 672 eis
555 606 708 672 docemur
734 602 936 687 praeceptis,
965 622 1099 687 quorum
1126 602 1162 671 in
1190 602 1411 686 explicatione

233 711 415 798 geoponica
428 711 559 794 aliquid
574 710 738 795 exhibent,
757 713 844 794 quod
857 710 940 778 Cato
954 710 1085 793 quidem
1098 711 1209 794 babet,
1228 709 1413 777 Columella

233 838 298 888 non
320 820 431 887 habet.
468 818 613 903 Quorum
636 817 738 886 affero
760 818 795 885 in
814 822 992 902 praecepto
1011 819 1053 885 de
1071 816 1183 885 scabie
1202 823 1238 884 et
1256 817 1412 884 Catonem

235 933 269 994 et
281 926 443 994 Graccum
457 931 624 993 auctorem
635 927 727 1010 ὕδωρ
739 944 909 1010 aquamve,
927 925 1141 992 Columellam
1157 943 1267 992 sucum
1285 923 1414 991 excocti

235 1034 343 1117 lupini
369 1033 607 1117 praescribere,
636 1033 747 1101 eodem
775 1033 847 1102 loco
874 1031 910 1100 in
937 1031 1126 1118 geoponicis
1154 1034 1195 1099 de
1222 1032 1324 1099 biduo
1347 1030 1415 1116 agi,

236 1160 307 1208 cum
327 1141 513 1208 Columella
535 1140 678 1208 triduum
701 1141 901 1224 praetulerit
923 1140 1013 1227 (pag.
1029 1143 1072 1224 9),
1094 1139 1129 1208 iu
1152 1138 1261 1223 capite
1286 1141 1327 1206 de
1345 1156 1414 1204 mu·

235 1248 279 1315 sti
309 1248 560 1317 conservatione
591 1248 809 1315 Columellam
845 1247 948 1315 solum
983 1247 1071 1316 uasis
1102 1245 1277 1315 claudendi
1307 1244 1416 1313 obiter

189 1423 191 1426 a
235 1361 365 1423 tantum
382 1355 580 1423 mentionem
603 1354 714 1423 facere
737 1360 837 1438 atque
861 1374 935 1423 cum
953 1355 1033 1422 Cato
1057 1361 1092 1422 et
1111 1354 1258 1422 Graccus
1272 1352 1417 1436 scriptor

236 1465 278 1529 ‹le
296 1462 438 1546 triginta
457 1461 572 1530 diebus
591 1460 752 1547 cogitent,
773 1481 846 1530 eum
864 1481 925 1546 per
944 1461 1166 1546 quadraginta
1188 1480 1248 1529 vas
1270 1460 1305 1526 in
1328 1479 1417 1541 aqua

236 1570 484 1652 relinquendum
508 1588 580 1637 esse
603 1588 739 1637 censere
761 1569 848 1655 (pag.
874 1571 914 1635 12
929 1569 999 1655 sup).

325 1677 381 1744 Ita
407 1695 472 1744 nou
499 1675 565 1744 iam
589 1676 805 1746 Columellam
828 1675 948 1744 Graeci
972 1676 1081 1759 operis
1103 1681 1274 1744 auctorem
1297 1675 1417 1741 ducere

238 1784 289 1852 fas
308 1789 369 1868 eut,
391 1785 489 1851 immo
508 1803 551 1850 ex
569 1785 691 1868 codem,
715 1802 810 1866 quem
829 1782 1011 1852 Columella
1029 1802 1158 1866 quoque
1176 1783 1306 1867 adierit,
1324 1781 1417 1849 fonte

238 1891 489 1976 geoponicorum
517 1890 629 1973 capita
654 1909 806 1958 manasse
835 1891 900 1958 iam
927 1891 1091 1974 sequitur,
1120 1897 1160 1958 ut
1186 1889 1417 1957 existimemus.

238 1999 298 2066 Sin
327 2003 437 2066 autem
468 2001 508 2064 de
538 1998 668 2066 homine
698 2000 838 2081 quodam
865 1997 1083 2083 sciscitamur,
1113 1998 1169 2081 qui
1197 2002 1231 2064 et
1259 1996 1417 2065 Catonem

239 2111 370 2174 secutus
400 2104 446 2172 sit
469 2105 589 2188 quique
611 2104 683 2188 ipse
706 2124 727 2172 a
750 2105 937 2173 Columella
959 2106 1086 2173 consuuli
1108 2104 1268 2190 potuerit,
1295 2104 1418 2188 primus

238 2231 275 2280 sc
298 2212 394 2280 offert
420 2212 459 2279 A.
490 2211 660 2281 Cornelius
688 2213 818 2295 Celsus;
853 2212 894 2280 cf.
921 2213 1106 2296 Klotnium,
1135 2232 1219 2281 neue
1248 2211 1366 2280 Jahrb.
1396 2211 1418 2278 f.

240 2320 360 2400 Pbilol.
381 2339 410 2387 u.
429 2321 573 2405 Paedag.
593 2322 700 2403 suppl.
719 2322 754 2386 X
770 2323 786 2386 l
808 2320 925 2408 (1844)
943 2340 1017 2405 pag.
1037 2323 1088 2388 60.
1119 2319 1208 2405 Quid
1226 2319 1243 2387 ?
1261 2319 1291 2387 si
1309 2318 1420 2386 memi-

239 2425 344 2494 nimus
372 2428 527 2494 adhunc
555 2427 662 2510 ipsum
689 2432 856 2494 auctorem
882 2427 917 2495 in
945 2428 1055 2511 capite
1082 2430 1124 2496 de
1152 2427 1263 2495 scabie
1292 2426 1419 2494 diserte

241 2532 457 2602 Columellam
479 2552 660 2617 provocare
683 2534 772 2620 (pag.
792 2534 841 2622 9),
869 2536 957 2618 quod
978 2536 1044 2602 iam
1062 2534 1254 2603 Schneidcri
1277 2534 1420 2602 admira-

241 2641 366 2709 tionem
388 2639 501 2724 mouit,
530 2639 651 2724 quippe
674 2660 747 2709 cum
770 2641 905 2709 Catonis
932 2661 1049 2710 nomen
1072 2640 1323 2728 exspectaretb.
1373 2641 1421 2707 At

242 2751 328 2830 quod
356 2747 410 2815 bic
434 2748 616 2815 Columella
637 2747 709 2831 ipse
732 2753 876 2817 testatus
898 2756 962 2835 cst,
989 2751 1052 2818 hoc
1074 2750 1110 2817 in
1131 2749 1268 2833 reliquis
1291 2768 1420 2833 quoque

242 2855 367 2923 duobus
395 2856 478 2922 locis
505 2857 622 2925 valere
649 2875 687 2923 eo
716 2857 819 2942 magis
848 2856 1064 2942 opinabimur,
1091 2858 1179 2940 quod
1202 2858 1421 2924 Columellam

245 2961 379 3030 Catonis
406 2962 526 3031 librum
554 2963 658 3046 ipsum
687 2963 816 3031 omnino
843 2982 1007 3047 nunquam
1030 2970 1108 3032 ante
1131 2967 1243 3032 oculos
1265 2963 1421 3031 babuisse

242 3068 313 3137 fere
336 3074 480 3153 constat;
503 3069 542 3138 cf.
565 3070 669 3137 Klotz
692 3090 767 3156 pag.
787 3073 838 3138 38.
885 3073 1036 3139 Ceterum
1059 3072 1169 3140 obiter
1190 3071 1333 3139 fortasse
1356 3090 1421 3138 non

243 3183 309 3244 tam
342 3176 543 3245 Columellae
576 3196 657 3260 opus
689 3197 786 3260 quam
818 3178 889 3246 cius
921 3183 1088 3246 auctorem
1119 3177 1235 3261 fuisse,
1267 3179 1355 3245 uude
1386 3177 1421 3245 iu

244 3284 494 3369 geoponicorum
518 3303 636 3368 corpus
659 3291 870 3369 praeceptum
895 3287 1056 3369 quoddam
1079 3285 1278 3370 pervenerit,
1306 3284 1423 3370 attigit

244 3391 333 3459 Oder
345 3391 380 3458 in
395 3393 477 3459 llus.
495 3392 598 3459 Rhen.
617 3393 661 3457 45
676 3392 794 3480 (1890)
813 3413 844 3476 p.
859 3395 901 3460 65
921 3395 996 3461 adn.
1013 3400 1167 3477 spectans
1185 3413 1278 3478 geop.
1292 3393 1324 3461 V
1340 3393 1421 3476 17,9

244 3499 322 3585 (uon
336 3498 380 3586 3).
411 3499 496 3566 Item
510 3498 575 3566 illa
587 3519 664 3582 pars
683 3499 791 3586 (geop.
809 3499 865 3568 lib.
880 3500 956 3587 IH),
970 3518 1066 3583 quam
1079 3498 1167 3568 idem
1180 3500 1217 3567 in
1231 3499 1423 3584 geoponicis

245 3607 359 3674 melius
377 3607 587 3690 compositam
602 3625 674 3675 esse
688 3607 796 3677 videri
809 3627 905 3691 quarn
920 3610 1007 3691 apud
1022 3608 1236 3676 Columellam
1249 3607 1283 3674 in
1298 3606 1364 3676 vol.
1380 3608 1422 3673 48

245 3712 359 3800 (1893)
382 3734 413 3797 p.
436 3717 457 3781 4
480 3717 555 3782 adn.
575 3718 592 3781 1
618 3715 751 3799 monuit,
775 3717 858 3783 bene
881 3715 932 3783 ita
955 3715 1116 3798 explicari
1138 3715 1252 3798 possit.

334 3821 383 3887 At
399 3820 434 3888 in
449 3821 537 3890 Celsi
555 3823 694 3893 iuventa
712 3823 912 3891 auctoritate
928 3841 992 3890 uon
1006 3821 1259 3906 acquiescemus,
1276 3840 1351 3888 nam
1367 3826 1426 3890 aut

335 4070 358 4140 ¹)
377 4069 494 4139 Gemoll,
512 4070 622 4127 Unters.
641 4071 782 4143 pag.122,
801 4070 951 4138 noo-238,
969 4071 1031 4126 242.

333 4158 356 4231 ¹)
376 4159 529 4216 Commeat.
549 4160 580 4215 in
599 4159 704 4218 Colum.
723 4160 826 4217 librum
845 4177 910 4232 pag.
925 4161 985 4217 390.
