2932 4808
620 305 840 368 -lo—

142 497 358 567 Atheniensis
388 499 567 565 secundum
597 517 650 582 ea,
679 517 764 580 quae
793 498 881 580 apud
911 496 1029 570 Galen.
1049 497 1143 564 ΧΙ3
1174 495 1313 583 legimur

141 624 381 689 nonnumquam
395 603 608 689 Hippocratis
623 603 854 672 auctoritatem
873 605 922 672 ita
934 610 1067 671 secutus
1085 608 1147 690 est
1164 590 1325 678 utdiscr·⁴

142 712 187 781 tis
210 713 321 782 verbis
348 714 410 780 hoc
436 732 458 780 a
485 711 704 795 scriptoribus
726 711 897 794 efferatum
925 709 1150 784 ciFredrich
1173 711 1211 779 in
1234 712 1312 780 libro

142 841 166 888 s.
181 840 206 887 s.
229 840 302 906 pag.
323 822 386 887 174
402 840 448 902 sq.
491 820 544 886 Ad
574 821 712 887 eundem
742 818 890 902 suspicor
920 818 1086 902 pertinere
1115 819 1224 887 locum
1253 814 1329 889 (ia-¹

142 930 207 996 len.
221 928 286 995 XV
301 929 378 1012 136,
402 927 458 995 ubi
480 926 684 995 Mnesitheus
708 925 840 1009 quidam
867 929 911 994 ad
938 925 1031 994 illius
1058 928 1099 995 de
1122 927 1220 996 uenis
1246 929 1312 997 doc·

142 1034 262 1103 trinam
286 1054 322 1103 se
345 1033 533 1118 applicasse
555 1033 670 1103 fertur.
716 1035 827 1117 Atque
851 1037 973 1104 addere
995 1035 1051 1101 hic
1073 1034 1218 1103 fortasse
1240 1035 1311 1104 licet

142 1141 494 1226 apudOribas.1178‚
517 1141 603 1225 quod
627 1148 736 1227 caput,
759 1141 837 1224 quia
860 1144 1059 1210 antecedens
1081 1145 1118 1208 ἐκ
1140 1149 1207 1208 τῶν
1224 1144 1309 1228 Μνη-

142 1252 251 1324 σιθέου
274 1256 329 1314 τοῦ
348 1250 518 1334 Ἀθηναίου
547 1254 708 1333 sumptum
737 1255 797 1334 est
825 1249 931 1317 eidem
959 1250 1089 1318 auctori
1113 1249 1229 1318 deberi
1250 1269 1310 1318 cre

142 1355 268 1424 dideris
290 1355 346 1443 (ci.
369 1376 444 1441 pag.
461 1359 503 1423 14
522 1358 596 1424 adn.
611 1356 654 1443 2),
676 1357 870 1441 scriptorem
893 1360 936 1425 ad
959 1377 999 1424 eo
1021 1376 1214 1444 provocare,
1235 1376 1309 1440 quae

142 1467 173 1529 αῖ
193 1465 249 1548 τὴν
272 1464 375 1529 Ἀσίαν
402 1466 632 1550 πεπλανημένοι
655 1464 953 1549 comprobaverint:
977 1467 1063 1548 quod
1081 1467 1165 1533 bene
1182 1467 1309 1548 quadra

142 1575 195 1638 ret
217 1570 252 1638 iu
270 1570 505 1655 Hippocratem
528 1575 585 1639 vel
608 1591 704 1639 unum
728 1592 769 1640 ex
792 1572 863 1639 eius
886 1571 1059 1656 discipulis
1081 1572 1218 1660 (Kuebn
1234 1571 1309 1640 XXI

143 1699 217 1765 oar·
231 1678 303 1765 xl).

233 1785 325 1870 Quae
355 1805 426 1854 cum
456 1785 506 1853 ita
536 1786 612 1872 sint,
642 1786 707 1854 iam
737 1786 826 1869 optio
853 1787 948 1854 uobis
976 1787 1082 1855 datur.
1128 1787 1308 1856 Statuamus

143 1898 275 1978 oportet
304 1898 362 1961 aut
390 1892 585 1977 Cyzicenum
616 1899 650 1962 et
672 1894 907 1962 Atheniensem
936 1914 974 1961 re
1002 1914 1084 1964 vera
1113 1912 1213 1964 unum
1241 1907 1308 1963 'cun-

142 2004 279 2083 demque
299 2000 459 2069 homiuem
477 1999 622 2087 fuisse1),
647 2020 730 2083 quae
748 2001 916 2068 sententia
938 2007 976 2068 ut
995 2021 1033 2069 eo
1051 2001 1187 2085 probari
1201 2006 1308 2086 potest

143 2111 229 2192 quod
251 2106 418 2192 plerisque
440 2107 522 2174 locis
538 2107 717 2176 Mnesithei
734 2127 850 2175 nomen
873 2110 946 2176 sine
970 2129 1128 2192 quoquam
1152 2109 1307 2178 adiectiuo

143 2215 288 2300 affertur,
311 2214 361 2282 ita
383 2235 430 2298 eo,
455 2216 541 2297 quod
564 2233 629 2281 non
651 2234 825 2297 numquam
844 2215 975 2300 accidit,
998 2221 1035 2283 ut
1056 2216 1145 2283 idem
1166 2215 1220 2286 uir
1240 2219 1307 2285 duo·
1351 2253 1353 2269 =

142 2325 203 2392 bus
222 2322 291 2391 eius
310 2321 396 2390 modi
410 2321 655 2408 cognominibus
669 2322 921 2408 significaretur,
940 2326 1046 2409 velut
1069 2342 1154 2406 quae
1168 2327 1309 2408 exempla

142 2431 236 2498 modo
250 2429 330 2497 mihi
342 2437 475 2514 praesto
493 2435 579 2515 sunt,
592 2431 816 2515 Apollodorus
831 2430 1001 2516 Carystius
1020 2432 1091 2502 siue
1105 2431 1308 2501 Atheniensis

143 2538 284 2607 comicus
322 2543 357 2606 et
388 2537 585 2622 Apollonius
616 2537 863 2607 Alexandrinus
899 2539 972 2606 sive
1004 2522 1218 2608 Naucratites
1249 2539 1309 2608 siue

142 2644 330 2733 Rhouimb,
353 2651 411 2712 aut
429 2644 612 2728 propinqua
631 2645 827 2732 cognatione
846 2649 986 2715 alterum
1003 2645 1225 2715 Mnesitheum
1246 2665 1309 2715 cun

142 2756 250 2822 altero
280 2752 486 2821 coniunctum
515 2752 617 2821 fuisse
646 2753 877 2822 existimemus.
929 2755 1001 2822 Hoc
1031 2754 1173 2822 fortasse
1201 2755 1311 2824 melius

143 2860 328 2928 consentiat
350 2880 422 2927 cum
445 2862 603 2945 temporis
626 2861 766 2929 ratione:
789 2861 1023 2931 Atheniensem
1046 2864 1134 2946 apud
1157 2863 1312 2932 Fredrich

143 2967 356 3052 comperimus
375 2973 454 3035 ante
469 2969 695 3053 Phylotimum
715 2969 895 3054 scripsisse,
918 2970 937 3037 i.
953 2991 980 3038 e.
1003 2975 1082 3038 ante
1104 2971 1232 3039 exitum
1249 2991 1313 3040 sae

143 3075 210 3142 culi
239 3072 391 3161 quartii),
420 3077 510 3143 ultro
539 3075 681 3145 Knaack
710 3079 877 3160 aequalem
910 3078 1003 3145 illum
1035 3078 1136 3146 fuisse
1166 3078 1314 3148 Alexidis

142 3182 255 3250 comici
273 3182 452 3251 verisimile
470 3186 610 3252 reddere
628 3186 756 3252 studuit
774 3186 860 3270 (pag.
880 3188 922 3252 38
943 3188 1016 3253 adn.
1036 3186 1080 3274 2).
1117 3186 1317 3270 Quibuscum

141 3309 255 3373 parum
288 3289 472 3375 conveniat,
505 3293 589 3373 quod
621 3311 696 3377 pag.
720 3294 762 3359 39
795 3293 980 3375 suspicatus
1013 3313 1092 3378 sum,
1122 3293 1337 3378 Cyzicenum

232 3539 254 3610 ι)
273 3539 317 3594 Ita
334 3537 444 3594 ridetur
456 3539 597 3609 putavisse
611 3539 643 3595 A.
654 3540 855 3611 Groaspietecb,
871 3541 962 3610 quiin
975 3541 1172 3598 ffiesemutione
1185 3544 1222 3599 de
1235 3567 1320 3616 τετρα·

141 3629 214 3681 elev
232 3629 429 3684 vocabulorum
448 3646 549 3700 genere
568 3630 689 3698 quodam
713 3631 809 3699 (Breal.
827 3631 925 3702 philol.
939 3631 1078 3687 Abhandl.
1092 3631 1145 3687 VH
1159 3634 1187 3704 5)
1206 3653 1275 3709 pag.
1290 3638 1322 3693 14

141 3717 290 3773 Mnesithei
302 3719 417 3774 verbum
429 3718 623 3789 ε’νσυγκαταζὲω
637 3724 835 3776 commemorat
853 3724 882 3776 et
899 3739 964 3792 pag.
974 3722 1009 3776 45
1021 3720 1128 3792 primae
1143 3741 1211 3779 suae
1225 3727 1323 3794 aetati,

142 3823 198 3874 qua
221 3807 416 3877 complectitur
440 3811 550 3879 tempus
573 3825 660 3878 usque
683 3810 720 3864 ad
743 3827 846 3865 annum
865 3811 918 3866 300
937 3828 960 3865 a.
977 3809 1039 3866 Chr.
1053 3830 1094 3879 m,
1113 3812 1265 3888 attribuit;
1289 3817 1322 3871 11.

141 3912 206 3966 pag.
221 3897 263 3952 66.

231 3985 252 4056 1)
272 3985 305 4039 cf.
320 3986 421 4054 Christ,
436 3986 532 4042 Gesch.
548 3988 574 4044 d.
588 3988 692 4059 griech.
705 3988 773 4044 Litt.
787 3990 829 4044 ed.
842 3991 887 4055 111,
908 3990 985 4056 1898,
1004 4008 1070 4062 pag.
1083 3991 1135 4046 317
1149 3993 1259 4065 admi,
1273 3999 1325 4054 532

142 4075 234 4129 admi}
253 4078 282 4130 et
300 4075 400 4130 Kaibel
419 4078 494 4147 apud
512 4077 761 4148 Pauly-Wissowa,
780 4079 1098 4149 Real-Encycl.12852.

232 4165 252 4235 ³)
271 4164 366 4235 Pauly,
385 4165 577 4237 Real-Encycl.
592 4167 618 4222 V
632 4168 701 4223 1534
720 4186 740 4224 s.
755 4187 780 4224 v.
793 4168 968 4226 Philotimus.
