2932 4808
631 324 831 387 -2..

142 519 266 588 sentire
293 521 381 586 haud
407 518 522 602 paucis
545 518 629 587 locis
652 523 909 602 annotaverant,
936 518 1091 604 fugerint.
1138 519 1205 604 Qui
1227 519 1323 586 labor

142 646 345 710 quamquam,
362 625 392 694 si
406 629 613 694 numeramus
627 627 725 712 locos,
739 645 804 694 non
819 645 891 694 eum
903 628 1050 693 habebat
1062 625 1213 711 fructum,
1227 646 1321 709 quem

143 735 216 817 quis
243 735 376 801 multam
400 733 530 801 illorum
552 732 715 801 homiuum
738 733 962 802 litteratorum
985 733 1157 801 lectionem
1180 736 1323 801 nondum

143 841 225 909 satis
245 846 442 924 compertam
459 841 586 908 habens
604 847 797 925 exspectare
816 846 981 924 potuerat,
998 846 1109 908 tamen
1128 861 1212 924 quae
1230 847 1324 908 certa

142 948 343 1034 inveneram,
362 968 403 1016 ea
421 953 526 1034 erant,
546 967 630 1030 quae
649 950 808 1030 quomodo
827 948 989 1031 explicari
1007 949 1135 1031 possint
1149 948 1323 1031 exquirere

142 1057 231 1123 baud
253 1055 370 1123 inutile
393 1055 566 1125 videretur
588 1061 623 1122 et
642 1056 722 1123 mihi
741 1061 776 1122 et
794 1055 967 1123 Friderioo
986 1057 1090 1140 Marx,
1112 1057 1324 1140 praeceptori

143 1163 339 1248 venerabili,
362 1162 418 1246 qui
440 1168 478 1230 ut
500 1163 621 1230 scholis
644 1162 712 1230 suis
735 1163 852 1248 effecit,
874 1168 913 1231 ut
931 1163 1065 1232 Catonis
1086 1164 1208 1231 librum
1230 1163 1324 1231 lecti·

143 1276 217 1338 tare
246 1270 437 1354 inciperem,
467 1269 517 1336 ita
545 1270 580 1336 in
610 1269 784 1337 seminario
813 1269 978 1356 philologo
1007 1271 1325 1340 animadversionem

145 1383 181 1444 et
207 1377 412 1463 diligentiam
435 1396 540 1444 meam
564 1376 701 1444 comiter
724 1376 903 1461 excitavit,
930 1382 968 1444 ut
989 1377 1075 1445 hanc
1099 1378 1325 1461 quaestionem

145 1486 187 1552 ad
209 1485 305 1552 finem
329 1486 511 1567 perducere
535 1503 678 1551 conarer.

235 1591 345 1677 Quare
370 1597 439 1658 tum
462 1597 655 1676 praecepta,
683 1594 724 1658 de
748 1591 866 1674 quibus
888 1590 942 1659 res
965 1599 1050 1676 erat,
1077 1612 1137 1675 per
1159 1592 1269 1660 omnia
1291 1593 1326 1659 id

145 1718 248 1786 genus
276 1697 464 1765 litterarum
494 1704 702 1766 monumenta
730 1696 935 1785 investigare
966 1700 1059 1782 coepi
1087 1719 1139 1784 ac,
1169 1705 1325 1782 quantum

78 1835 83 1842 ¹
146 1826 256 1874 eorum
275 1825 452 1891 congerere
470 1812 650 1890 potueram,
669 1806 817 1892 singulas
834 1805 955 1874 formas
973 1808 1064 1874 inter
1081 1827 1116 1874 se
1136 1826 1325 1890 comparare

145 1916 208 1981 hoc
227 1913 373 1998 consilio,
392 1932 467 1980 num
488 1912 566 1996 quid
585 1915 628 1980 ad
647 1914 865 1981 illustrandus
881 1933 937 1982 eas
952 1913 1185 1982 similitudines
1200 1934 1327 1997 compa-

146 2026 244 2089 reret.
286 2020 488 2106 Quamquam
511 2021 542 2088 si
564 2022 654 2088 tales
676 2022 767 2106 leges
791 2041 812 2088 a
835 2040 897 2103 quo
920 2021 1016 2089 initio
1034 2021 1204 2105 profectae
1224 2028 1327 2104 utque

146 2148 206 2211 per
233 2128 361 2212 longam
390 2147 548 2194 annorum
575 2127 692 2195 seriem
719 2127 865 2196 traditae
893 2128 973 2213 sint,
1001 2130 1153 2212 persequi
1176 2132 1326 2198 volumus

148 2238 231 2303 duae
245 2235 385 2302 maxime
401 2234 622 2302 difficultates
636 2237 783 2303 obstant:
802 2234 940 2318 primum
957 2237 1187 2319 plerorumque
1207 2255 1327 2320 eorum,

148 2342 204 2424 qui
232 2345 272 2430 de
299 2344 399 2409 rebus
427 2342 562 2409 rusticis
585 2348 686 2424 atque
708 2341 760 2410 his
783 2341 974 2425 propinquis
998 2347 1033 2409 et
1055 2343 1203 2411 finitimis
1225 2343 1328 2411 libros

149 2448 420 2533 conscripserunt,
434 2449 492 2519 vix
507 2448 639 2515 nomina
653 2449 800 2517 novimus
812 2452 932 2517 nedum
943 2451 1120 2518 habeamus
1131 2449 1327 2536 fragmenta,

148 2562 217 2625 tum
244 2561 421 2640 propterea
448 2557 534 2637 quod
562 2574 631 2640 eos,
659 2555 715 2637 qui
737 2554 823 2622 idem
846 2561 1059 2639 praeceptum
1082 2556 1215 2640 scriptis
1238 2577 1329 2625 man·

149 2663 261 2731 daturi
290 2669 380 2748 sunt,
410 2661 581 2730 simillimis
611 2681 739 2745 quoque
767 2662 879 2731 verbis
907 2662 956 2730 uti
984 2669 1239 2732 consentaneum
1268 2670 1329 2748 est,

149 2770 299 2855 percauti
322 2790 394 2838 esse
418 2770 582 2854 debemus
608 2790 650 2837 ue
672 2769 828 2837 libentius
852 2790 947 2852 quam
975 2791 1036 2853 par
1064 2776 1116 2838 est
1143 2771 1328 2854 ubicunque

150 2882 214 2946 duo
233 2880 368 2946 duomm
388 2876 583 2959 scriptorum
601 2877 666 2944 loci
685 2876 807 2944 similes
821 2877 1074 2963 conspiciuntur,
1093 2881 1133 2945 de
1149 2879 1329 2947 necessitu-

150 2984 226 3053 dine
238 2984 351 3067 aliqua
362 2984 589 3052 intercedente
601 2983 975 3072 cogitemu¹);tametsi
986 2985 1048 3052 hoc
1060 3004 1139 3052 sane
1151 2989 1328 3053 tenendum

150 3092 216 3162 erit
238 3094 345 3160 multa
364 3091 495 3158 differre
513 3091 602 3159 inter
620 3094 728 3160 locum
748 3094 908 3160 stlocum
927 3093 1032 3174 deque
1051 3112 1116 3160 non
1134 3093 1329 3178 vulgaribus

150 3198 336 3283 praeceptis
366 3203 401 3266 et
429 3217 535 3282 paene
564 3197 724 3266 inauditis
755 3199 855 3266 aliter
883 3199 1093 3266 iudicandum
1121 3218 1193 3267 esse
1220 3218 1260 3267 ac
1289 3202 1330 3267 de

150 3305 326 3375 tralaticiis
346 3311 381 3372 et
399 3293 504 3374 tritis,
531 3306 628 3374 Certe
646 3321 742 3388 spero
762 3325 818 3373 eos
837 3307 935 3390 locos,
955 3304 1071 3388 quibus
1091 3306 1241 3389 equidem
1254 3310 1330 3390 plus

152 3416 248 3496 quam
271 3412 439 3480 fortuitam
461 3413 711 3480 similitudinem
731 3414 848 3481 adesse
866 3413 1023 3495 suspicor,
1048 3413 1096 3480 eis
1114 3433 1251 3500 quoque,
1275 3414 1331 3497 qui

151 3522 234 3587 haec
256 3520 375 3587 lecturi
398 3518 474 3602 sint,
500 3520 585 3587 satis
607 3520 839 3588 memorabiles
863 3538 1007 3602 quosque
1029 3520 1088 3588 vix
1110 3521 1208 3589 aliter
1230 3526 1331 3603 atque

153 3627 292 3694 alterurn
312 3647 354 3694 ex
372 3627 478 3693 altero
498 3627 643 3710 pendere
661 3627 838 3695 statuendo
857 3626 1023 3710 explicare
1041 3626 1210 3712 possimus,
1233 3628 1331 3696 facile

152 3733 259 3802 visum
275 3732 327 3817 iri,
345 3733 395 3800 ita
413 3742 451 3800 ut
468 3733 545 3800 hinc
563 3752 691 3816 quoque
704 3733 833 3816 aliquid
846 3734 890 3800 ad
905 3733 1039 3800 Catonis
1052 3733 1130 3800 libri
1143 3735 1331 3802 memoriam

152 3839 269 3907 melius
290 3839 544 3926 intellegendam
566 3840 810 3909 redundaverit.

244 3990 264 4060 ¹)
283 3989 319 4044 cf.
337 3989 454 4045 Plotius
476 3989 545 4045 bibl.
569 3990 629 4045 cod.
650 3990 701 4046 163
722 3992 837 4045 extrem.
864 3989 921 4044 ‘uui
939 3992 967 4044 οἱ
981 3991 1052 4045 ἄλλοι
1070 3989 1100 4045 δὲ
1117 3998 1170 4046 τῶν
1187 3990 1232 4052 τὰς
1249 4013 1332 4062 γεωρ-

153 4067 228 4140 γικὰς
250 4071 423 4140 πραγματείας
446 4070 670 4140 συγγραψαμένων
687 4071 780 4140 σχεδόν
797 4090 820 4122 τι
838 4068 869 4124 τὰ
887 4069 951 4125 αὐτὰ
968 4070 1027 4140 περὶ
1045 4077 1098 4126 τῶν
1116 4072 1203 4127 αὐτῶν
1221 4075 1270 4128 ὅσα
1288 4074 1333 4144 ἐμὲ

154 4149 246 4204 εἰδέναι
259 4149 453 4219 ἀποφαίνονται,
465 4150 515 4205 οὐκ
528 4149 569 4203 ini
581 4151 683 4209 πολλοῖς
695 4148 724 4203 δὲ
736 4149 919 4219 cadarossa
933 4166 1060 4220 quaeque
1074 4153 1200 4208 annectit
1208 4151 1239 4208 Ε.
1250 4153 1332 4221 Odor,

154 4229 224 4286 Mus.
243 4229 330 4286 Rhen.
349 4231 384 4285 45
403 4230 495 4303 (1890)
514 4231 549 4287 62
568 4232 631 4288 adn.
