2910 4836
543 194 766 260 ..17-

31 402 34 407 ’
64 387 105 452 ab
124 386 286 455 Anatolio
309 392 367 453 aut
386 407 407 454 a
424 386 576 473 Didymo,
599 389 725 455 duobus
743 387 995 473 geoponicorum
1013 391 1201 460 auctoribus
1208 391 1244 479 ¹),

28 530 32 537 ·
63 493 158 561 illum
182 493 382 576 exscriptum
406 514 479 562 esse
501 513 658 576 nusquam
682 496 789 563 adhuc
811 496 1033 580 comperimus.
1070 498 1192 566 Contra
1208 499 1244 566 in

64 601 253 669 universum
270 601 410 669 Latinos
433 601 611 684 scriptores
630 602 665 669 in
685 603 936 686 geoponicorum
955 605 1100 686 corporis
1119 625 1245 689 compo·

10 734 14 775 ε
64 707 187 774 sitione
201 710 373 775 admodum
386 711 559 793 neglectos
570 708 794 793 essefuerunt
811 710 1037 792 quidicerent3
1053 711 1092 777 ci.
1102 713 1243 797 Raynal,

10 812 12 877 ἶ
64 815 225 883 annuaire
239 817 280 882 de
294 815 381 882 l'ass.
395 834 479 898 pour
491 816 583 883 l’enc.
598 818 655 882 dee
667 819 783 883 ttudes
793 816 962 899 erecques
973 837 1013 884 en
1022 818 1151 886 Franco
1161 821 1245 888 VIII

10 947 13 953 ·
65 920 184 1009 (1874)
212 942 287 1008 pag.
312 925 376 989 104
404 929 439 989 41
466 922 567 1006 Oder‚
597 924 680 989 Mus.
707 923 810 990 Rheu.
833 925 890 1004 45,
918 926 960 990 94
993 923 1165 1011 ‘Aufiallig
1190 927 1245 993 bei

63 1030 229 1111 Apuleius
247 1030 353 1098 bleibt
371 1049 405 1096 44
424 1029 602 1114 immerhin,
622 1033 699 1097 dass
718 1051 755 1096 er
773 1032 833 1099 der
852 1030 980 1116 einzige
998 1032 1245 1102 nachweisbare

64 1136 264 1203 lateInische
288 1136 666 1221 Quellenschriftsteller
687 1138 776 1206 war!

154 1243 248 1328 Quae
276 1262 347 1311 cum
373 1244 423 1310 ita
446 1245 523 1327 sint,
546 1245 667 1327 Apulei
694 1264 811 1312 nomeu
838 1264 917 1313 sane
943 1245 1016 1312 fieri
1042 1266 1107 1314 non
1134 1253 1245 1330 potest

63 1351 143 1433 quin
166 1350 298 1418 maximi
319 1352 413 1418 nobis
431 1354 588 1418 momenti
607 1371 678 1419 esse
697 1353 860 1421 videatur.
896 1354 1035 1420 Accedit
1053 1356 1140 1435 quod
1158 1356 1245 1422 idem

63 1459 207 1542 scriptor
224 1477 289 1526 uon
303 1458 406 1526 solum
421 1458 556 1525 Catonis
570 1458 674 1526 libros
687 1459 809 1544 legisse
824 1458 998 1544 videturl),
1017 1479 1129 1529 verum
1145 1462 1244 1529 etiam

63 1568 103 1634 de
132 1565 251 1632 iisdem
279 1564 349 1632 fere
376 1566 476 1632 rebus
505 1571 604 1647 atque
632 1565 691 1633 ille
714 1567 787 1648 ipse
811 1567 894 1651 egit,
921 1569 972 1633 ita
993 1572 1031 1634 ut
1054 1567 1107 1636 uir
1130 1571 1245 1636 doctus

61 1672 154 1739 Jahn
180 1672 273 1738 illius
296 1691 423 1755 quoque
445 1673 573 1756 scripta
596 1673 884 1757 encyclopaediae,
912 1692 1007 1756 quam
1030 1694 1090 1741 nos
1114 1675 1246 1757 quidem

63 1779 218 1860 dicimus,
245 1779 352 1847 instar
380 1779 486 1848 fuisse
513 1779 684 1866 putaritss).
730 1781 840 1864 Certe,
868 1783 957 1863 quod
983 1781 1037 1850 vir
1065 1784 1179 1848 doctus
1207 1782 1242 1848 in

61 1885 218 1968 ambiguo
240 1887 429 1970 relinquere
447 1885 637 1974 malebat4),
659 1887 837 1971 Apuleium
856 1907 974 1972 eorum,
999 1888 1055 1969 qui
1075 1894 1153 1956 ante
1172 1908 1243 1956 eum

60 1993 96 2060 id
134 2013 238 2078 genus
272 1994 375 2062 libros
410 1995 551 2061 condere
584 2000 809 2079 susceperant,
845 1995 1026 2077 exemplum
1060 1997 1246 2080 respexisse

60 2101 143 2167 mihi
161 2100 290 2182 quidem
309 2119 514 2183 nequaquam
532 2102 607 2171 ueri
626 2101 782 2168 dissimile
800 2101 934 2170 videtur
950 2102 1049 2184 idque
1062 2122 1127 2170 uon
1140 2107 1244 2170 solum

60 2214 256 2293 propterea,
284 2210 384 2290 quod,
412 2208 442 2275 si
468 2209 530 2276 hoc
552 2210 772 2293 probabimus,
795 2209 958 2294 integram
988 2210 1104 2277 seriem
1134 2230 1245 2277 conse·

60 2334 200 2398 quemur
230 2315 1128 2404 cato-celsus-Apuleiuc-Anatolius-ge0p0m0a⁶).
1179 2318 1245 2384 Sed

58 2429 137 2489 tota
163 2423 246 2489 haec
273 2441 326 2488 res
353 2422 493 2491 vacillat
519 2427 620 2504 atque
649 2423 829 2506 claudicat,
858 2443 928 2489 cum
956 2442 997 2489 ne
1025 2423 1088 2490 hoc
1114 2424 1243 2505 quidem

58 2530 201 2597 sciamus
228 2529 289 2597 illa
316 2531 565 2614 geopouicorum
594 2531 705 2613 capita
732 2529 841 2597 sintne
864 2532 1021 2598 Anatolio
1044 2533 1244 2616 assignanda

58 2657 105 2705 an
124 2636 274 2720 Didymo,
292 2637 413 2703 etenim
433 2655 481 2721 ea,
500 2656 595 2718 quam
611 2636 700 2704 Oder
718 2637 753 2703 in
767 2639 848 2704 Mus.
862 2638 966 2705 Rheu.
980 2639 1033 2722 45,
1048 2639 1113 2705 214
1132 2640 1206 2706 adn
1222 2641 1242 2705 3

57 2742 243 2827 proposuit,
267 2742 459 2810 dinoscendi
481 2744 568 2810 rati0
591 2743 673 2826 ipsis
695 2744 765 2810 illis
787 2744 869 2812 locis
891 2764 951 2811 uos
974 2744 1139 2812 destituit.

152 2885 174 2955 ¹)
193 2883 274 2952 Oder,
293 2883 363 2938 Mus.
381 2883 469 2939 Rhen.
487 2884 523 2938 45
542 2884 634 2954 (1890)
653 2902 718 2956 pag.
734 2885 795 2940 214.

153 2973 174 3044 1)
193 2973 229 3027 41.
256 2973 369 3044 apolog.
393 2989 453 3044 cap.
472 2973 552 3027 XVII
571 2973 646 3044 (pag.
666 2975 709 3042 25,
728 2975 761 3028 21
782 2974 824 3028 41.
843 2993 868 3028 v.
888 2975 914 3028 d.
933 2974 1019 3045 Vliet)
1038 2977 1067 3029 et
1085 2975 1119 3030 14
1136 2977 1241 3031 mundo

57 3081 123 3134 cap.
137 3061 203 3116 XIV
222 3062 297 3132 (pag.
315 3063 374 3129 117,
387 3063 403 3116 5
423 3063 465 3116 ed.
479 3062 680 3134 Goldbacher);
699 3063 730 3118 F.
744 3062 873 3131 Gatscha,
893 3064 999 3130 quaest.
1013 3063 1096 3133 Apul.
1111 3081 1171 3135 cap.
1185 3065 1241 3119 tria

57 3152 145 3224 (Dies.
164 3150 324 3207 Vindobou.
339 3151 387 3222 VI)
406 3170 433 3221 p.
455 3152 505 3206 143
525 3155 554 3207 41
574 3152 634 3207 153.
671 3151 712 3207 De
730 3152 821 3207 forma
839 3151 992 3222 ‘partiario’
1012 3153 1087 3223 apud
1105 3153 1240 3208 Catonem

56 3246 89 3298 41
108 3241 260 3312 Apuleium
279 3243 441 3297 occurrente
459 3241 522 3296 vide
537 3241 689 3297 Gesneuum
707 3245 737 3297 et
754 3242 877 3297 Keilium
895 3243 932 3296 ad
946 3242 1060 3297 Catonis
1079 3246 1164 3313 caput
1179 3243 1239 3311 137,

56 3331 294 3387 Hildebrandium
313 3332 350 3385 ad
361 3331 445 3402 Apul.
460 3334 525 3386 met.
538 3331 605 3386 VIII
617 3332 652 3386 26
665 3350 692 3402 p.
707 3333 771 3388 730:
790 3331 908 3387 fortasse
921 3331 968 3386 hic
981 3349 1092 3401 quoque
1104 3332 1239 3403 Apuleius

58 3420 177 3477 Catonis
196 3421 337 3489 quandam
350 3420 469 3475 formam
484 3438 513 3476 44
525 3438 629 3491 ponere
643 3421 770 3490 credidit,
789 3421 807 3476 i.
823 3439 855 3490 4.,
869 3438 941 3488 cum,
960 3424 992 3477 ut
1004 3421 1094 3488 multi,
1113 3421 1240 3477 adverbii

56 3511 121 3566 vice
141 3527 203 3566 eam
221 3510 263 3564 ibi
280 3513 444 3581 usurpatam
462 3527 521 3565 esse
538 3514 660 3581 putaret,
679 3511 722 3566 ita
739 3510 770 3566 in
788 3529 868 3566 suum
886 3529 967 3565 usum
986 3511 1131 3566 convertit.

151 3601 173 3671 ⁸)
191 3601 252 3655 Ber.
271 3601 298 3654 d.
317 3600 405 3656 sdehs.
425 3600 486 3656 Ges.
506 3601 532 3654 d.
547 3600 630 3656 Wiss.
649 3600 747 3671 philol.
766 3602 831 3656 hist.
851 3600 984 3669 cl.1850,
1003 3620 1030 3671 p.
1044 3601 1096 3656 282
1106 3619 1167 3671 sqq.

150 3689 173 3760 ⁴)
190 3690 251 3745 Ber.
270 3707 335 3760 pag.
349 3690 402 3744 286
415 3707 455 3758 sq.

151 3780 173 3849 ὓ)
192 3779 224 3833 In
243 3778 330 3833 simili
348 3778 426 3847 serie,
445 3796 530 3848 quam
545 3779 619 3834 Oder
636 3778 666 3833 in
679 3779 749 3835 Mus.
762 3779 849 3834 Rhen.
864 3778 918 3834 vol.
931 3781 975 3848 45,
989 3780 1021 3834 11
1035 3780 1121 3835 indm.
1134 3780 1237 3851 posuit,

56 3871 212 3941 postquam
236 3867 355 3922 vidimus
381 3885 415 3922 ex
438 3867 511 3923 Celsi
534 3867 608 3922 libro
634 3867 691 3922 alia
716 3868 761 3922 via
785 3884 843 3922 non
865 3868 944 3922 nulla
966 3867 997 3923 in
1019 3869 1237 3939 geoponicorum

57 3975 163 4030 eorpus
180 3957 319 4013 manslata
336 3974 406 4025 4444,
429 3959 505 4012 haud
524 3958 580 4013 scio
599 3975 636 4013 an
653 3975 755 4013 nomen
773 3957 858 4012 Plinii
877 3958 972 4013 omitti
989 3958 1091 4029 possit;
1115 3962 1236 4014 ceterum

57 4049 94 4105 de
112 4046 207 4102 Plinio
226 4047 261 4104 41.
280 4045 355 4102 infra
372 4064 437 4118 pag.
451 4049 496 4102 44.

1052 4136 1069 4188 2
