2932 4808
720 315 940 385 ...34-

242 511 278 580 in
302 510 408 597 initio,
431 531 517 579 nunc
540 513 707 579 admodum
732 514 855 579 multus
871 517 930 578 Ι222
952 511 987 577 12
1010 508 1213 593 explicandis
1235 507 1303 577 suis
1326 528 1420 592 prae·

243 620 358 704 222212,
387 638 474 686 nnnc
504 619 700 686 sententiam
729 619 845 687 inserit
874 620 963 705 (pag.
983 619 1052 702 23),
1081 637 1167 684 nunc
1195 617 1350 686 universe
1381 620 1419 683 dc

243 729 387 795 salutari
419 728 518 793 huius
550 727 777 794 medicamenti
809 727 844 795 vi
876 727 979 794 verba
1011 726 1107 810 iacit,
1139 745 1234 808 porro
1264 724 1317 790 bis
1351 724 1419 792 alvi

241 835 355 918 inepta
388 835 689 902 commemoratione
713 853 878 901 ..conexum
910 834 1122 917 interrumpit
1154 832 1241 918 (pag.
1266 834 1320 916 25,
1355 832 1418 918 26),

242 941 261 1030 ξ
286 944 304 1008 7
330 944 436 1010 denuo
464 961 547 1024 qnae
576 942 816 1009 admisceantur
844 947 1014 1010 enumerat
1037 942 1124 1027 (pag.
1141 941 1211 1027 25),
1234 940 1284 1006 ita
1307 944 1347 1006 ut
1369 939 1419 1005 hic

242 1050 373 1132 quidem
407 1050 546 1117 difficile
583 1049 627 1117 sit
659 1069 806 1133 noscere,
844 1052 1000 1130 quomodo
1033 1068 1181 1130 quaeque
1213 1049 1419 1115 cohaereant.

244 1155 372 1239 Quibus
402 1158 620 1225 consideratis
649 1177 757 1226 nonne
786 1160 890 1225 multo
917 1157 1086 1227 ridebitur
1116 1176 1187 1224 esse
1217 1156 1418 1239 probabilius

242 1265 400 1332 Catonem
423 1266 566 1348 pendere
589 1285 629 1331 ex
649 1266 787 1350 Graeco,
810 1285 905 1346 quam
929 1267 1031 1332 alium
1050 1264 1241 1347 scriptorem
1265 1283 1314 1347 22,
1339 1282 1419 1345 quae

243 1374 331 1454 apud
358 1371 449 1438 illum
476 1373 664 1457 invenerat,
691 1373 741 1440 ita
764 1372 1002 1440 conformasse?
1039 1373 1220 1439 Praeterea
1244 1373 1419 1438 absurdum

241 1479 375 1548 videtur
406 1485 506 1561 atque
538 1481 686 1547 alienum
718 1483 759 1548 ab
793 1480 878 1547 omni
911 1482 1041 1547 rationo
1071 1485 1189 1562 putare
1220 1479 1421 1545 Graecorum

242 1589 413 1671 quendam,
443 1589 530 1670 apud
564 1608 644 1669 quos
674 1588 836 1655 medicina
867 1589 931 1654 iam
963 1587 1018 1654 diu
1048 1587 1195 1670 florebat,
1223 1586 1273 1651 122
1302 1589 1341 1651 22
1364 1605 1419 1668 per

242 1694 387 1763 Graecos
410 1694 551 1762 medicos
575 1714 616 1761 22
634 1715 689 1762 ars
703 1679 839 1762 Romam
860 1695 1113 1779 transmigrasse
1132 1694 1261 1761 dicatur
1269 1693 1304 1778 1),
1327 1711 1418 1774 prae·
1457 1744 1460 1793 4

241 1802 355 1869 sertim
382 1804 498 1886 talem,
527 1804 655 1885 qualem
680 1803 873 1897 0211122122,
892 1823 964 1870 cum
992 1803 1062 1869 2122
1091 1802 1216 1883 scripta
1245 1801 1420 1884 excerpsit,
1458 1796 1460 1815 '

242 1909 332 1976 inter
360 1911 432 1982 τοὺς
455 1912 599 1993 ἀρίστους
622 1912 745 1995 ἰατροὺς
769 1917 802 1978 et
825 1913 896 1982 τοὺς
919 1914 1047 1994 ἄμεινον
1070 1911 1210 1980 εἰπόντας
1232 1910 1419 1976 habendum
1457 1956 1460 1961 ·

242 2036 314 2082 esse
342 2021 486 2083 22222222
514 2023 566 2084 222
594 2017 648 2104 (ci.
665 2019 770 2101 Ipag.
786 2019 834 2103 2),
864 2021 967 2084 22122
995 2017 1099 2086 virum
1130 2017 1201 2082 dico
1229 2019 1302 2082 2212
1326 2035 1420 2098 prae·

241 2128 370 2205 ceptum
394 2142 436 2190 ex
457 2124 570 2191 Latini
593 2125 763 2206 scriptoris
786 2125 872 2191 libro
896 2125 1062 2207 petivisse.

331 2231 378 2297 Et
410 2251 446 2297 re
474 2251 556 2299 vera
588 2231 652 2298 iam
675 2221 839 2298 chrious
862 2233 941 2298 Keil
973 2234 1055 2298 haec
1088 2231 1217 2312 quidem
1239 2238 1421 2315 praecepta

242 2338 399 2405 Catonem
423 2338 481 2404 2111
505 2341 624 2406 debere
647 2340 831 2422 suspicatus
855 2338 947 2426 est‘2).
985 2338 1087 2422 Quem
1103 2338 1264 2405 Graecum
1284 2339 1421 2406 natione

240 2445 341 2512 fuisse
373 2445 522 2527 pluribus
555 2446 760 2528 comprobari
793 2452 904 2529 potest
936 2446 1146 2543 argumentis.
1198 2446 1248 2512 Ac
1281 2446 1419 2527 primum

241 2552 370 2634 quidem
394 2553 511 2620 scimus
535 2553 716 2634 antiquitus
741 2554 888 2620 Graecos
916 2574 980 2621 non
1008 2555 1110 2620 solum
1137 2552 1269 2620 novisse
1298 2555 1419 2622 brassi-

241 2657 354 2747 2223),
377 2679 490 2729 verum
510 2661 609 2727 etiam
623 2661 808 2743 peculiares
823 2662 928 2728 libros
949 2663 990 2727 de
1009 2662 1071 2728 hac
1086 2663 1203 2743 planta
1218 2662 1421 2744 condidisse

240 2787 315 2834 nam
338 2769 424 2848 quod
443 2767 569 2834 Plinius
592 2774 661 2835 nat.
675 2769 753 2834 hist.
769 2769 854 2834 XIX
872 2771 934 2835 136
959 2769 1137 2835 brassicam
1161 2770 1259 2851 ‘apud
1274 2769 1422 2838 Graecos

240 2875 274 2939 in
301 2875 424 2941 honore
452 2872 564 2941 fuisse’
587 2894 650 2942 non
678 2895 714 2940 se
743 2876 888 2958 reperire
912 2874 1086 2962 profert⁴)‚
1109 2878 1171 2941 hoc
1193 2876 1264 2958 ipse
1287 2877 1422 2945 irritum

239 2982 353 3048 reddit
380 3001 427 3065 eo,
456 2984 541 3063 quod
563 2982 631 3047 XX
651 2985 692 3048 78
717 2983 947 3067 Chrysippum,
975 2984 1166 3066 Dieuchem,
1194 2983 1421 3070 Pythagoram

240 3087 393 3172 nominat,
418 3089 473 3170 qui
490 3089 656 3173 privatim,
679 3097 715 3156 ut
735 3090 825 3174 dicit,
848 3090 1016 3158 volumina
1034 3091 1201 3158 brassicae
1221 3092 1423 3178 dicaverint,

241 3201 340 3277 atque
369 3195 467 3262 etiam
497 3195 516 3282 ξ
541 3199 584 3263 84
598 3217 667 3278 sqq.
696 3199 784 3264 haud
815 3217 937 3280 pancos
968 3198 1062 3264 addit
1091 3198 1233 3264 medicos
1262 3199 1421 3284 Graecos,

331 3446 350 3517 ¹)
370 3446 481 3512 Haeser,
502 3445 599 3500 Gesch.
618 3446 645 3499 d.
664 3447 735 3502 Med.
755 3449 775 3514 1,
794 3449 864 3501 Jena
885 3443 961 3514 1875,
981 3448 1030 3502 261
1048 3466 1088 3516 sq.
1108 3480 1142 3487 -
1160 3447 1255 3517 Pagel,
1276 3449 1379 3507 Gesch.
1398 3454 1423 3507 d.

240 3535 312 3589 Med.
332 3536 352 3603 Ι,
371 3535 442 3590 Benl.
464 3536 542 3603 1898,
562 3537 596 3590 94
609 3554 650 3603 sq.
676 3568 708 3576 —
732 3536 839 3602 Albert,
858 3537 909 3590 Les
928 3537 1068 3591 me'decins
1088 3536 1170 3591 Greos
1189 3539 1324 3609 12122222,
1345 3543 1423 3597 Paris

242 3626 318 3692 1894,
338 3626 418 3695 chap.
433 3626 459 3679 ΙΙ
478 3642 542 3696 pag.
557 3626 590 3679 35
604 3644 664 3695 sqq.
1169 3636 1173 3647 “

329 3724 350 3793 1)
370 3724 473 3780 Comm.
497 3724 528 3777 in
551 3724 610 3779 bat.
635 3724 697 3778 libr.
721 3743 785 3795 pag.
801 3728 864 3780 169:
888 3726 912 3779 is
936 3726 1014 3780 cuius
1037 3730 1189 3796 praecepta
1211 3727 1242 3780 in
1265 3729 1321 3784 hac
1341 3736 1423 3801 parte

241 3812 308 3866 Cato
322 3813 440 3881 rettulit,
455 3832 519 3884 pag.
534 3815 597 3868 173:
617 3815 641 3867 is
656 3832 737 3882 quem
752 3808 820 3869 Cato
840 3816 869 3868 in
888 3817 941 3869 hac
959 3819 1040 3885 parte
1059 3821 1200 3871 auctorem
1219 3822 1333 3874 secutus
1355 3826 1422 3876 erat.

266 3959 268 3963 .
331 3911 352 3981 3)
372 3912 471 3978 Locos,
500 3912 601 3980 quibus
629 3913 750 3982 primum
780 3917 1020 3982 commemoratur,
1050 3915 1190 3985 congessit
1218 3916 1249 3973 Ο.
1273 3918 1423 3988 1112212222,

240 4000 335 4054 Jahrb.
355 4000 373 4054 f.
393 4001 476 4055 klass.
496 4002 596 4058 Philol.
616 4002 706 4072 suppl.
719 4004 771 4057 VH
789 4022 853 4072 pag.
868 4005 929 4057 497.

328 4090 350 4159 1)
375 4090 408 4146 cf.
434 4090 555 4158 Stadler,
580 4091 625 4145 die
649 4092 765 4156 Quellen
789 4093 836 4146 des
860 4093 931 4148 Plin.
955 4093 994 4147 im
1020 4095 1168 4149 19822122
1193 4096 1242 4148 cler·
1266 4094 1326 4153 nat.
1348 4101 1423 4167 hist,

240 4178 303 4232 diss.
326 4179 401 4245 1891,
421 4197 484 4249 pag.
499 4181 541 4234 81.
