2932 4808
564 319 763 385 ..5-

160 514 252 600 Quae
282 514 526 598 discrepantiae
555 534 635 583 sane
662 517 795 583 adsunt:
824 535 896 582 cum
924 514 1009 583 enim
1032 534 1102 600 cap.
1119 519 1183 584 114
1208 519 1249 584 de

68 620 238 690 radicibus
261 621 407 690 contusis
430 641 536 689 sermo
560 622 618 707 sit,
646 622 766 705 quibos
793 642 860 690 una
883 642 954 691 eum
977 622 1087 691 cinere
1111 629 1145 691 et
1168 627 1252 691 ster-

70 748 148 797 core
171 733 272 812 atque
295 748 367 796 cum
385 729 512 797 duabus
530 729 681 812 partibus
699 734 811 798 terrae
825 729 906 799 vitis
925 730 1055 798 radices
1074 731 1160 798 bene
1178 750 1253 814 pur·

71 841 173 921 gatae
191 841 227 903 et
245 835 482 904 cmcumsectae
500 835 751 922 circumdentur,
774 856 844 920 cap.
860 838 924 903 115
944 835 1112 906 ‘fasciculi’
1126 838 1253 907 veratri

71 941 192 1011 omnum
216 943 347 1011 radices
370 943 654 1027 ‘circumponendi'
678 950 842 1012 curantur.
888 943 977 1028 Quin
1005 943 1156 1012 fasciculi
1177 945 1253 1032 sint

70 1070 90 1118 e
113 1070 183 1134 cap.
199 1053 261 1118 101
286 1050 505 1137 intellegitur,
529 1051 583 1119 ubi
607 1051 727 1120 ramuli
749 1051 839 1119 inter
861 1071 897 1120 se
916 1051 1054 1138 alligati
1072 1051 1122 1120 ita
1138 1054 1254 1136 appel-

70 1157 192 1242 lantur,
214 1160 353 1228 uerbum
370 1159 635 1242 ‘circumponere’
654 1164 772 1243 autem,
795 1177 988 1242 quamquam
1011 1179 1081 1242 cap.
1101 1161 1143 1226 93
1166 1158 1253 1226 idem

70 1265 142 1333 fere
161 1285 201 1333 ac
224 1284 295 1349 cap.
313 1267 376 1332 114
395 1267 531 1335 uerbum
555 1265 776 1334 ‘circumdare’
799 1266 989 1353 significare
1009 1268 1253 1334 concedendum

70 1377 133 1457 est,
157 1379 267 1440 tamen
285 1371 320 1440 id
339 1391 466 1456 quoque
486 1375 660 1441 attendere
675 1375 830 1441 debemus
846 1372 984 1458 simplex
1005 1373 1144 1458 ‘ponere’
1167 1377 1254 1458 apud

70 1481 230 1548 Catonem
258 1485 293 1547 et
320 1479 406 1548 alios
434 1480 565 1563 saepius
592 1480 688 1549 verbi
715 1479 882 1548 inserendi
910 1480 983 1550 uice
1010 1481 1177 1565 usurpari,
1204 1481 1254 1549 ita

70 1607 142 1672 cap.
166 1590 218 1672 28,
242 1590 277 1670 23
298 1588 353 1671 45,
376 1589 411 1670 3;
434 1589 487 1672 46,
513 1590 544 1671 1;
567 1589 624 1671 47;
647 1590 701 1673 40,
724 1591 759 1670 2;
787 1590 841 1673 52,
865 1590 898 1671 2;
929 1590 1003 1673 101,
1026 1590 1056 1655 3.
1102 1587 1253 1672 Quodsi

69 1700 272 1780 reputamus,
295 1714 485 1778 comparare
508 1713 676 1779 possumus
696 1697 777 1764 duos
793 1695 1013 1779 Theophrasti
1035 1700 1071 1762 et
1088 1694 1253 1763 Dioscori-

70 1802 124 1871 dis
155 1805 262 1887 locos,
300 1802 418 1886 quibos
451 1805 493 1870 de
523 1803 600 1872 uino
634 1822 676 1870 ex
706 1808 840 1872 veratro
872 1803 1098 1871 concinnando
1125 1803 1251 1887 agitur:

70 1909 235 1993 Theophr.
257 1908 334 1977 hist.
356 1909 460 1992 plant.
481 1909 534 1977 IX
560 1912 610 1994 10,
634 1912 668 1976 3:
702 1961 708 1976 .
733 1961 740 1976 .
764 1963 771 1979 .
795 1911 873 1994 φασὶ
896 1911 931 1976 δὲ
953 1911 1007 1975 τὸν
1025 1910 1171 1994 Ἐλεάτην
1195 1911 1252 1994 (so.

70 2014 251 2102 ἐλλέβορον)
279 2019 313 2082 ἐν
339 2024 402 2089 τοῖς
429 2018 592 2101 ἀμπελῶσι
615 2018 829 2100 adscribendi
854 2024 953 2083 ποιεῖν
979 2017 1033 2082 τὸν
1060 2016 1146 2083 οἶνον
1168 2018 1252 2082 οὕτω

71 2123 272 2209 διουρητικὸν
294 2125 376 2190 ὥστε
402 2125 561 2210 λαγαρινὺς
589 2125 665 2190 εἶναι
692 2126 776 2190 πάνυ
803 2124 877 2197 τοὺς
903 2126 1055 2195 πίνοντας.
1101 2123 1252 2191 Dioscl

70 2231 171 2312 (Mod.
195 2231 312 2300 Graec.
336 2250 437 2314 opera
459 2232 509 2298 ed.
532 2231 652 2299 Kuehn
674 2232 740 2301 voi.
763 2229 875 2318 XXV)
898 2250 972 2315 pag.
996 2232 1074 2297 632:
1090 2281 1252 2298 ......

70 2339 306 2423 συμφυτευθεὶς
329 2339 364 2404 δὲ
386 2339 537 2423 ἀμπέλοις
563 2339 645 2424 πρὸς
666 2346 704 2423 τῇ
727 2340 796 2424 ῥίζῃ
825 2338 879 2403 τὸν
901 2340 936 2413 ἔξ
957 2340 1063 2403 αὐτῶν
1085 2338 1172 2404 οἶνον
1194 2363 1251 2403 κα-

70 2445 227 2531 θαρτικὸν
248 2448 415 2531 ἐργάζεται.
454 2444 560 2530 Quid?
585 2447 672 2529 quod
686 2445 831 2512 Plinium
850 2463 978 2528 quoque
992 2444 1127 2513 Catonis
1145 2447 1252 2514 locum

69 2554 122 2620 ita
153 2553 360 2620 intellexisse
394 2553 430 2620 in
459 2554 637 2637 propatulo
668 2556 719 2619 est
749 2572 820 2620 cum
851 2553 939 2619 dixit
967 2557 1035 2618 nat.
1064 2550 1141 2619 hist
1170 2553 1252 2619 XIV

74 2663 140 2729 109
158 2681 205 2744 oq.
232 2660 326 2728 ‘finnt
351 2666 491 2743 utraque
519 2659 577 2746 (se.
599 2659 800 2727 absinthites
828 2665 863 2727 et
889 2657 1089 2743 hyssopites)
1122 2664 1156 2726 et
1183 2659 1252 2726 alio

70 2769 180 2852 modo,
210 2767 301 2835 circa
328 2767 457 2835 radices
486 2766 606 2834 vitium
635 2772 718 2834 sato.
742 2766 790 2834 sic
820 2772 855 2833 et
884 2767 1085 2834 elleboriten
1112 2766 1184 2833 fieri
1212 2785 1253 2832 ex

70 2881 209 2946 veratro
239 2874 336 2960 nigro
367 2874 448 2941 (lato
480 2875 593 2942 docet'.
638 2873 721 2940 Nam
751 2873 895 2941 Plinium
923 2875 986 2941 hoc
1015 2873 1178 2941 dicentem
1210 2875 1252 2940 ad

72 2982 209 3051 Catonis
232 3001 302 3065 cap.
319 2983 383 3048 114
407 2980 560 3049 allusisse
583 2981 642 3050 uix
665 2981 835 3064 quisquam
858 2986 963 3064 putet.

164 3088 257 3173 Quae
289 3107 362 3156 cum
393 3088 443 3156 ita
465 3087 541 3172 sint,
573 3089 697 3155 rectius
730 3088 847 3172 opinor
879 3107 949 3170 cap.
973 3090 1035 3154 115
1067 3087 1118 3154 ita
1148 3089 1252 3154 inter-

71 3202 251 3282 pretamur,
278 3202 317 3263 ut
343 3197 404 3263 hoc
434 3196 563 3278 quidem
590 3197 666 3262 loco
695 3201 863 3264 ueratrum
885 3200 1022 3278 propter
1044 3194 1144 3264 uitem
1168 3195 1253 3262 inse-

71 3306 211 3373 rendum
238 3303 478 3389 intellegamus.
527 3302 749 3371 Admirationi
776 3322 855 3369 sane
883 3309 947 3385 est,
975 3304 1060 3383 quod
1088 3302 1169 3369 (lato
1197 3301 1252 3368 hic

73 3430 203 3496 quoque
227 3410 407 3496 signandas
426 3409 513 3478 vites
534 3415 640 3494 curat,
662 3411 748 3490 quod
767 3410 862 3476 nobis
881 3427 1158 3491 supervacaneum
1179 3427 1252 3476 esse

71 3519 216 3603 videtur,
239 3520 389 3602 quodque
412 3522 533 3584 terram
557 3517 710 3600 ‘insuper’
733 3516 836 3584 inicit.
883 3515 1084 3601 Quamquam
1103 3522 1142 3584 ut
1158 3535 1253 3599 supe-

72 3625 172 3694 rioris
204 3625 326 3708 capitis
359 3623 575 3691 similitudine
607 3624 760 3691 effectum
792 3642 863 3690 esse
894 3629 1021 3707 potest,
1053 3629 1091 3690 ut
1121 3621 1252 3691 librarii

72 3737 157 3801 haec
178 3732 429 3816 committerent,
451 3731 502 3799 ita
520 3733 561 3798 ab
581 3731 653 3815 ipso
673 3731 796 3799 (latone
810 3749 925 3816 parum
944 3737 1098 3799 accurate
1118 3736 1153 3798 et
1168 3731 1253 3799 dilu-

73 3840 148 3908 cide
174 3841 258 3907 haec
287 3843 478 3922 comparata
507 3857 580 3906 asse
609 3858 674 3906 non
696 3844 871 3921 nequeunt.
917 3838 1015 3906 Certe
1037 3858 1097 3905 nos
1121 3839 1252 3920 quidem

73 3968 146 4032 cap.
168 3948 232 4014 115
255 3946 319 4013 iam
344 3946 475 4014 missum
497 3946 635 4015 iacimus
663 3965 701 4013 ac
728 3945 832 4013 solum
860 3965 929 4029 cap.
950 3947 1013 4013 114
1038 3965 1110 4013 cum
1132 3965 1252 4031 geopo-

71 4056 221 4124 nicorum
244 4052 449 4139 conferimus,
472 4054 529 4121 ubi
552 4054 715 4137 utrimque
736 4053 851 4121 eadem
869 4052 1014 4137 praecipi
1031 4053 1145 4136 liquet.

165 4164 278 4245 Atque
309 4181 395 4229 nunc
425 4163 466 4228 de
492 4162 554 4230 boc
584 4181 712 4245 quoque
742 4166 919 4245 praecepto
949 4160 1160 4229 sciscitemur.
1213 4161 1252 4226 In
