2932 4808
624 343 961 428 -40-,

141 556 227 620 0000,
260 556 318 602 000
350 535 572 619 superioribus
602 536 802 618 temporibus
826 535 1035 602 attribuatur.
1083 534 1232 616 Denique
1263 536 1326 601 hoc

140 664 211 709 non
235 645 319 710 male
342 664 414 710 cum
437 664 489 728 00,
519 663 613 725 quam
637 642 785 726 equidem
814 644 854 709 de
879 644 1014 709 Catonis
1041 642 1120 708 libri
1143 641 1326 725 originibus

140 750 280 834 protuli,
303 752 468 818 sententia
492 752 660 817 convenit:
683 751 825 819 vidimus
853 771 951 817 unum
974 755 1186 832 praeceptum
1209 749 1243 815 in
1267 750 1327 815 Ga-

140 859 233 926 tonis
261 859 347 925 libro
377 864 411 925 et
437 860 472 924 in
500 859 610 941 capite
635 861 699 924 156
724 865 759 924 01
786 859 821 923 10
845 857 955 939 capite
981 859 1042 924 157
1069 862 1202 924 exstare
1225 856 1326 937 idque

143 968 198 1032 ita
229 965 472 1050 conformatum,
502 971 540 1032 ut
573 966 692 1048 capitis
727 968 790 1032 156
824 966 927 1033 forma
958 966 1063 1048 magis
1094 984 1166 1031 cunr
1197 963 1327 1031 Graeca

145 1079 310 1158 congruat
341 1095 437 1156 quam
472 1074 592 1156 capitis
623 1076 684 1140 157
722 1071 808 1158 (pag.
832 1071 901 1158 26);
934 1073 1047 1153 itaque
1079 1078 1158 1154 puto
1189 1071 1326 1153 primum

143 1183 303 1248 Catonem
334 1201 352 1247 e
376 1181 504 1248 Graeco
529 1183 678 1263 exemplo
702 1183 806 1247 solum
830 1185 1041 1262 praeceptum
1071 1181 1112 1245 de
1134 1179 1328 1246 torminibus

143 1289 334 1355 exscribere
363 1287 525 1370 voluisse,
558 1295 626 1354 turn
659 1287 741 1353 utile
775 1289 906 1353 duxisse
938 1290 1013 1369 plus
1045 1287 1080 1352 in
1112 1307 1203 1352 suum
1236 1305 1327 1352 usum

143 1401 354 1463 convertere:
378 1396 452 1462 ideo
476 1415 587 1461 rursus
612 1397 653 1461 ab
672 1394 768 1460 initio
787 1393 997 1476 incipientem
1016 1400 1119 1461 totum
1138 1399 1238 1476 caput
1256 1413 1326 1460 eum

145 1505 202 1572 vel
233 1503 404 1569 maximam
435 1509 561 1586 partem
593 1502 805 1584 exscripsisse
834 1501 933 1583 idque
962 1501 1012 1567 ita
1033 1500 1165 1584 fecisse,
1189 1506 1227 1566 ut
1249 1506 1327 1567 1000

145 1611 278 1693 quidem
308 1649 352 1657 -
381 1611 492 1676 nescio
522 1629 565 1676 00
595 1627 665 1676 eam
696 1610 760 1675 iam
788 1608 924 1675 formam
954 1614 1171 1693 spectantem,
1199 1610 1328 1689 qualem

144 1719 327 1799 aliquando
357 1718 479 1784 librum
508 1717 689 1800 perfectum
719 1737 799 1800 prae
830 1736 866 1783 se
895 1716 983 1783 ferre
1014 1715 1184 1799 cupiebat,
1208 1721 1267 1782 aut
1294 1715 1329 1781 id

146 1827 255 1908 ipsum
269 1832 433 1910 agentem,
456 1831 494 1891 ut
511 1825 674 1892 Graecum
693 1825 875 1906 exemplum
894 1824 1028 1906 paulum
1047 1826 1210 1890 occuleret
1228 1829 1327 1903 atque

146 1935 275 2000 celaret
297 1971 342 1981 —
364 1953 428 1999 000
452 1934 515 1999 iam
538 1933 608 1999 fere
632 1935 767 2000 verbum
792 1936 833 1998 de
857 1934 960 1998 verbo
988 1949 1174 2013 expressum
1199 1930 1330 1998 efferret

147 2042 202 2128 (tf.
227 2042 261 2106 in
285 2042 493 2124 paragraphO
518 2043 559 2106 de
577 2040 773 2106 torminibus
797 2041 955 2123 ἒνθρύψαι
974 2042 994 2103 ὅ
1011 2065 1035 2103 τι
1060 2043 1098 2102 ἂν
1121 2040 1219 2122 βούλῃ
1235 2041 1328 2102 σιτίου

146 2187 192 2197 -
217 2169 285 2230 cap.
303 2151 376 2231 156,
391 2151 411 2214 6
427 2168 464 2215 eo
483 2147 619 2214 interito
639 2148 725 2229 quod
744 2151 837 2216 volet
855 2147 932 2213 cibi:
957 2149 1014 2212 sed
1035 2166 1103 2228 cap.
1120 2148 1192 2226 157,
1208 2149 1227 2211 9
1248 2146 1327 2211 dato

147 2257 221 2323 edit
244 2308 294 2322 ...
319 2259 395 2324 dato
414 2275 530 2338 panem
549 2275 669 2338 purum
688 2254 809 2320 ibidem
830 2253 1037 2338 madefaciat,
1060 2274 1135 2337 pag.
1151 2254 1206 2336 24)
1230 2257 1329 2334 atque

148 2364 262 2446 etiam,
293 2365 379 2444 quod
408 2362 479 2446 ipse
510 2370 664 2444 expertus
695 2367 783 2445 crat,
813 2361 868 2428 hic
899 2365 954 2429 vel
984 2360 1055 2426 illic
1085 2361 1247 2427 insereret
1277 2357 1329 2444 (cf.

147 2491 223 2556 pag.
247 2473 289 2536 25
304 2470 374 2557 sq).
417 2470 472 2536 Ita
502 2471 586 2536 bene
618 2468 818 2552 explicatur,
847 2470 933 2550 quod
960 2467 1094 2534 ineunte
1123 2471 1249 2534 demum
1277 2486 1329 2532 00-

147 2580 221 2662 pite
243 2580 304 2644 157
342 2580 391 2643 de
409 2577 584 2662 generibus
615 2578 782 2643 brassicae
811 2576 935 2661 agitur,
967 2575 1002 2641 id
1034 2578 1120 2657 quod
1153 2575 1328 2640 nonnullos

149 2686 296 2753 editores
319 2685 500 2768 commovit,
523 2690 561 2750 ut
584 2685 646 2751 hoc
669 2684 799 2750 initium
823 2682 1043 2750 transferrent
1060 2686 1117 2750 vel
1137 2682 1233 2748 etiam
1255 2701 1330 2764 spu-

147 2794 234 2859 rium
257 2795 426 2859 ducerent:
455 2793 600 2858 alienum
628 2791 712 2857 enim
741 2790 841 2857 fuisse
866 2790 1021 2858 Catonem
1047 2792 1109 2856 hoc
1139 2789 1266 2870 quidem
1295 2788 1329 2853 in

147 2900 234 2967 libro
258 2903 299 2966 ab
324 2899 409 2965 omni
429 2899 577 2966 Graecae
601 2898 796 2965 eruditionis
820 2892 1051 2965 ostentatione’
1075 2895 1329 2984 (010010010110-

147 3027 210 3074 nes
233 3007 432 3073 Gesneri‘et
455 3007 648 3073 Schneideri
672 3009 714 3072 ad
738 3006 825 3072 hunc
849 3005 980 3091 locum).

243 3114 364 3181 Contra
394 3134 453 3180 nos
484 3114 614 3195 quidem
645 3114 709 3179 iarn
740 3114 928 3194 putabimus
961 3118 1051 3179 certe
1083 3113 1238 3178 Catonem
1270 3112 1330 3178 hoc

147 3226 227 3288 loco
252 3221 413 3289 Graecam
441 3221 622 3288 doctrinam
652 3221 746 3287 nobis
770 3223 928 3304 praebere
953 3239 1087 3301 eamque
1111 3220 1212 3301 ipsam
1237 3220 1331 3284 illam

148 3329 342 3397 Mnesitbei.
394 3330 513 3410 ltaque
547 3349 630 3409 quae
663 3331 749 3412 apud
781 3327 926 3394 Plinium
961 3348 1031 3393 cum
1060 3327 1188 3394 Graeco
1222 3325 1331 3408 capite

149 3443 353 3522 congruunt,
384 3456 454 3503 curn
484 3437 519 3502 in
543 3436 675 3502 Catonis
705 3435 790 3502 libro
821 3454 885 3500 000
915 3434 1127 3503 inveniantur
1157 3433 1243 3518 (pag.
1266 3432 1332 3518 27),

146 3552 264 3612 tamen
280 3545 396 3610 Catoni
411 3543 605 3611 ascribenda
620 3549 705 3626 sunt,
728 3562 833 3624 neque
848 3548 957 3608 tamen
976 3542 1039 3609 soli
1058 3542 1144 3608 libro
1165 3543 1207 3607 ad
1226 3541 1331 3605 filium

146 3657 240 3736 (pag.
258 3651 323 3738 33),
346 3653 404 3717 sed
422 3651 486 3717 iam
505 3651 735 3717 commentario
754 3649 808 3715 illi
831 3653 871 3716 de
891 3649 965 3734 agri
985 3653 1125 3733 cultura,
1148 3649 1198 3714 ita
1221 3653 1258 3712 01
1281 3648 1331 3712 his

144 3760 233 3829 locis
254 3764 414 3842 appareat
432 3761 601 3841 exemplar
619 3759 718 3841 istud,
742 3761 828 3839 quod
847 3759 890 3823 ad
908 3763 1052 3823 nostram
1072 3775 1173 3837 usque
1188 3759 1329 3821 aetatem

143 3865 320 3954 pervenit,
348 3886 413 3933 000
440 3868 504 3932 iam
529 3866 649 3947 ubique
672 3866 848 3950 genuinam
873 3865 1006 3931 Catonis
1030 3864 1164 3935 somnam
1188 3883 1268 3950 prae
1297 3883 1331 3934 sc

140 3978 251 4046 ferre.
