2932 4808
623 315 845 380 ..15-

142 507 283 590 tractati
305 512 392 593 suut,
414 507 495 576 locis
519 507 771 591 explicationem
796 508 926 575 illarum
948 507 1199 576 similitudinum
1225 527 1324 591 quae·
1385 583 1387 588 ,

141 635 216 684 rere
241 615 364 683 conari
409 614 553 699 Quorum
582 618 625 684 ad
648 617 734 696 banc
757 615 980 697 quaestionem
1005 618 1239 685 absolvendam
1263 604 1370 684 ali-''

142 723 236 790 cuius
254 723 412 790 momenti
431 728 509 790 sunt
530 741 572 790 ea
589 727 777 806 praecepta,
801 741 884 804 quae
899 725 986 806 apud
1000 722 1214 790 Columellam
1228 743 1323 806 repe·

141 831 258 898 rimus:
295 832 506 914 praeceptum
543 830 584 898 de
616 829 727 898 scabie
759 829 847 916 (pag.
867 831 886 896 7
906 830 1003 917 squ),
1035 834 1245 913 praeceptum
1282 832 1324 898 de

142 942 252 1006 musto
281 940 504 1007 conservando
534 937 621 1024 (pag.
643 940 681 1004 11
698 937 775 1024 sm),
801 942 1013 1020 praeceptum
1040 939 1081 1004 de
1110 956 1323 1006 amurcaar·

141 1045 280 1113 boribus
311 1044 514 1113 infundenda
546 1044 635 1131 (pag.
661 1047 702 1112 12
726 1044 818 1131 ειμι).
869 1043 962 1128 Quae
994 1063 1066 1112 cum
1097 1049 1323 1131 tractaremus

144 1151 314 1235 triplicem
341 1152 595 1220 necessitudinis
618 1154 744 1220 modum
767 1151 1066 1220 animadvertimus.

233 1259 368 1327 Minime
385 1260 448 1326 hac
465 1259 500 1327 in
519 1259 711 1343 quaestione
730 1261 773 1326 ad
790 1278 849 1327 nos
864 1259 1019 1343 attinent,
1038 1277 1121 1340 quae
1135 1261 1223 1342 apud
1236 1260 1323 1329 solos

144 1366 302 1434 Catonem
325 1372 360 1434 et
382 1367 600 1434 Columellam
623 1366 826 1450 offendimus,
848 1365 957 1436 ueluti
981 1368 1068 1449 quod
1089 1365 1125 1433 in
1148 1366 1258 1449 capite
1282 1367 1323 1435 de

143 1473 255 1542 scabie
281 1492 348 1542 non
375 1493 541 1542 amurcam
567 1475 683 1540 ἄναλον
711 1475 853 1557 malunt,
882 1474 968 1554 quod
994 1473 1029 1540 in
1057 1473 1150 1540 exitu
1179 1473 1324 1542 eiusdem

144 1580 265 1664 capitis
284 1583 325 1648 de
344 1581 464 1649 effectu
482 1582 573 1649 illius
592 1600 691 1649 curae
709 1583 822 1648 eadem
842 1580 947 1648 verba
965 1579 1100 1665 faciunt,
1124 1583 1211 1663 quod
1230 1580 1323 1648 Oolu·

143 1691 255 1772 mella,
275 1686 332 1756 ubi
350 1690 439 1771 apud
452 1688 608 1756 Catonem
621 1687 712 1772 optio
727 1691 833 1772 datur,
845 1687 989 1754 triduum
1003 1687 1169 1771 praecipit
1183 1688 1272 1774 (pag.
1279 1689 1323 1774 9),

143 1815 243 1878 porro
263 1796 350 1879 quod
369 1793 503 1863 Catonis
522 1797 659 1864 uerbum
677 1795 853 1878 ‘piscinam'
872 1793 1020 1864 servavit
1039 1794 1127 1880 (pag.
1148 1796 1213 1881 12),
1237 1797 1323 1877 quod

144 1908 182 1970 ut
196 1902 278 1971 Oato
296 1902 352 1972 vel
369 1902 459 1970 sanis
478 1903 649 1971 arboribus
668 1921 830 1970 amurcam
845 1900 994 1970 conferre
1008 1903 1068 1969 sub
1084 1901 1181 1970 finem
1195 1901 1324 1969 addidit

233 2116 340 2184 Multo
354 2116 488 2202 marius
503 2123 564 2202 est,
578 2119 665 2201 quod
677 2117 856 2185 Columella
868 2136 933 2185 nou
945 2117 1040 2184 nulla
1051 2135 1124 2184 cum
1135 2117 1322 2201 geoponicis

146 2223 329 2293 communia
351 2225 462 2309 babet,
485 2243 570 2308 quae
592 2226 680 2308 apud
699 2225 855 2293 catonem
878 2223 1004 2292 frustra
1026 2223 1220 2307 quaerimus.
1269 2224 1324 2292 Ita

144 2337 182 2400 ut
214 2331 363 2400 Graecus
395 2338 511 2400 auctor
553 2337 668 2400 contra
704 2331 846 2400 scabiem
879 2350 998 2414 aquam
1030 2332 1150 2398 salsam
1182 2331 1323 2399 calidam

145 2440 264 2506 laudat
291 2438 381 2525 (pag.
405 2440 460 2525 9),
490 2440 525 2506 iu
557 2445 733 2524 praecepto
766 2440 808 2506 de
835 2426 940 2507 musto
969 2440 1194 2508 conservando
1218 2443 1323 2507 totum

145 2545 319 2614 exordium
350 2543 554 2613 Columellae
583 2545 618 2614 in
646 2545 772 2614 Graeco
803 2545 911 2629 capite
940 2545 1108 2627 reperitur
1137 2543 1224 2630 (pag.
1257 2544 1323 2630 12),

144 2654 296 2738 arbores,
325 2658 364 2720 ut
392 2653 647 2738 geopouicorum
675 2657 804 2737 auctor,
834 2670 979 2736 amurca,
1009 2670 1094 2734 quae
1123 2653 1228 2719 salem
1257 2670 1323 2719 non

143 2761 282 2844 habeat,
313 2765 408 2827 curat
438 2759 527 2846 (pag.
559 2759 623 2847 13).
672 2760 747 2828 Huc
778 2760 976 2843 pertineret,
1009 2759 1096 2842 qnod
1128 2757 1251 2826 conieci
1281 2759 1323 2824 de

144 2884 317 2936 mensurae
341 2865 532 2935 definitione
554 2870 640 2953 (pag.
665 2866 730 2954 14).

236 2973 384 3059 Quodsi
412 2980 611 3058 reputamus,
640 2974 712 3044 fieri
740 2995 806 3043 uon
835 2980 960 3059 potest,
991 2972 1069 3056 quin
1098 2974 1134 3041 in
1165 2972 1323 3041 Gemollii

143 3081 348 3150 seutentiam
371 3083 577 3168 deducamur,
601 3082 658 3165 qui
677 3101 742 3151 nou
760 3084 862 3150 semel
881 3081 1131 3169 geoponioorum
1151 3080 1262 3164 capita
1281 3099 1323 3147 ex

144 3276 310 3350 geoponiois
328 3277 399 3333 bene
414 3274 538 3344 meritus,
557 3274 689 3331 disseruit
705 3276 736 3330 in
748 3275 819 3331 Mus.
831 3276 920 3331 Rheu.
932 3277 968 3330 45
981 3275 1073 3347 (1890)
1086 3292 1152 3346 pag.
1166 3274 1323 3341 alu-2143

144 3367 181 3423 ci.
201 3366 301 3438 capii
319 3366 355 3421 84
377 3366 481 3421 lemma
502 3367 532 3420 et
554 3366 570 3435 ἕ
594 3366 619 3420 6.
661 3363 714 3431 Qui
737 3381 886 3420 consensus
909 3364 980 3419 mihi
1002 3363 1129 3434 quidem,
1152 3378 1322 3433 quamqumm

144 3458 213 3528 post
231 3455 302 3510 aiios
320 3454 395 3511 idem
414 3453 496 3522 Oder,
513 3453 585 3509 Mus.
602 3453 691 3509 Rhen.
703 3453 738 3508 48
757 3453 849 3525 (1898)
868 3469 933 3524 pag.
947 3454 990 3521 31,
1009 3452 1104 3508 omnia
1121 3451 1172 3507 illa
1189 3452 1324 3508 lemmata

142 3547 176 3600 iu
196 3544 382 3616 suspicionem
400 3543 511 3599 vocavit
532 3543 617 3613 idque
640 3559 669 3597 se
692 3542 848 3599 accuratius
870 3544 1086 3598 retractatorum
1105 3558 1164 3598 esse
1179 3540 1323 3612 pollicitus

144 3638 199 3703 est,
222 3650 289 3689 sane
306 3632 521 3689 admirationem
544 3632 648 3688 habere
666 3632 788 3688 videtur:
812 3631 998 3688 etiamsinon
1015 3631 1074 3686 veri
1092 3630 1323 3687 auctorisfontes

144 3724 194 3779 hic
216 3723 389 3791 indicantur,
413 3725 488 3778 certe
510 3722 626 3778 nomina
647 3721 828 3793 scriptorum,
854 3721 904 3791 qui
927 3721 1037 3776 easdem
1055 3737 1099 3775 res
1116 3722 1322 3786 tractaverunt3

145 3814 182 3872 of.
202 3829 274 3882 quae
296 3810 347 3867 Ed.
362 3811 503 3868 Schwartz
527 3812 561 3867 de
583 3810 704 3866 formula
726 3811 743 3880 ἡ
766 3812 863 3880 ἱστορία
885 3810 956 3879 παρά
978 3809 1009 3864 in
1031 3808 1144 3865 scholiis
1167 3807 1323 3864 Homericis

145 3901 281 3959 dissentit
302 3901 333 3956 in
355 3901 452 3957 Jahrb.
475 3901 494 3957 f.
514 3900 594 3959 class.
611 3899 712 3956 Philol.
736 3900 827 3970 suppl.
846 3899 910 3968 XII,
933 3899 1062 3970 inprimis
1084 3916 1150 3970 pag.
1166 3897 1220 3954 458
1242 3898 1323 3966 med,

145 3992 220 4049 adde
233 3991 364 4059 Hereher,
383 3991 477 4046 Herm.
491 3991 524 4045 12
538 3990 630 4063 (1877)
642 3989 770 4059 aoesqq.;
788 3990 888 4057 Maesa,
901 3988 990 4044 dtsch.
1003 3987 1230 4059 miteretur-itm
1245 3987 1322 4056 1884,

144 4082 209 4139 575.
251 4081 332 4148 Quod
353 4080 471 4138 fortasse
494 4079 611 4136 alicuius
634 4079 769 4145 momenti
792 4078 846 4134 erit
868 4078 904 4132 ad
927 4078 1082 4136 accuratius
1104 4076 1322 4147 intellegendam

144 4172 259 4227 illorum
279 4173 492 4241 praeceptorum
511 4169 682 4225 memoriam.
