2932 4808
622 308 843 373 ..50-

142 523 252 573 corum
275 503 379 570 locum
402 502 454 568 IX
478 504 508 586 5,
532 501 586 590 7¹)
614 502 680 570 iam
702 501 734 569 J.
759 500 798 568 G.
821 499 1003 568 Schneider
1030 500 1067 566 in
1090 498 1312 568 commentario

142 631 200 678 suo
223 631 298 695 pag.
325 612 386 676 118
415 612 459 677 ad
483 610 568 678 hunc
591 614 699 679 locum
722 608 887 692 ascripsit.
933 607 1116 675 Cohaerere
1139 612 1251 675 autem
1269 604 1313 675 ri·

142 721 239 786 detur
268 715 488 783 memorabilis
519 716 573 784 hic
603 717 738 786 (tatonis
768 713 925 798 loquendi
954 733 1032 782 usus
1063 733 1136 782 cum
1170 713 1313 798 opinions

143 827 284 908 quadam
315 823 524 905 Aristotelis,
558 826 652 892 cuius
684 823 906 892 illustrandae
938 822 1050 906 gratia
1082 822 1146 889 duo
1179 840 1221 889 ex
1250 818 1314 889 1111
1363 860 1367 881 .·

146 931 279 1014 scriptis
302 931 483 999 afferantur
504 931 584 998 lOci:
606 934 677 1017 περὶ
698 933 837 1015 pauperi.
861 931 925 996 467
947 931 969 996 b
992 932 1011 995 2
1033 930 1069 994 τὸ
1092 928 1153 1014 γὰρ
1175 931 1244 995 ἄνω
1264 934 1314 993 τοῦ
1365 940 1367 955 “

142 1047 243 1125 mmcd
277 1041 330 1103 καὶ
361 1039 483 1122 κεφαλὴ
517 1041 536 1122 ἡ
569 1040 639 1123 ῥίζα
672 1041 738 1104 ἐστί
799 1037 870 1121 περὶ
904 1038 1032 1120 παρείας
1063 1038 1089 1112 ζ,
1113 1036 1180 1103 705
1196 1035 1258 1102 bd
1286 1036 1316 1099 αί

145 1148 204 1232 γὰρ
233 1149 314 1231 ῥίζαι
336 1146 396 1211 ἐἰσὶ
422 1145 457 1209 τὸ
485 1147 553 1210 ἄνω
581 1153 643 1218 τοῖς
666 1151 782 1228 φυτοῖς.
829 1142 1017 1226 Complures
1040 1141 1108 1209 loci
1129 1142 1196 1209 hut
1217 1141 1316 1226 perii·

141 1259 258 1321 nentes
281 1251 417 1320 collecti
440 1255 573 1319 exstant
595 1250 629 1318 in
653 1251 818 1335 Theophr.
841 1270 891 1333 op.
915 1252 965 1317 ed.
989 1248 1170 1318 Schneider
1191 1251 1260 1317 vol.
1279 1246 1316 1331 V,

143 1360 231 1443 Lips.
258 1362 353 1442 1821,
376 1361 505 1443 25011,
524 1360 611 1441 apud
635 1359 802 1441 Wimmer,
825 1358 993 1443 phytolog.
1007 1356 1180 1425 Aristotel
1196 1356 1318 1440 fragm,

142 1467 277 1534 Vratisl.
296 1468 391 1549 1838,
414 1464 454 1552 ἐξ
475 1467 617 1550 59-65,
640 1465 814 1549 Kirchner,
838 1466 893 1531 die
916 1464 984 1532 bot.
999 1463 1090 1531 Schr.
1104 1466 1135 1531 d.
1150 1464 1319 1547 Theophr,

141 1573 256 1640 Jahrb.
280 1572 301 1639 i.
326 1573 419 1638 class.
442 1572 560 1640 Philol.
587 1575 694 1655 suppl.
719 1572 785 1638 VII
808 1570 1057 1658 (1878-1875)
1081 1572 1148 1638 519
1168 1590 1216 1653 sq.
1267 1570 1319 1638 lta

142 1678 196 1747 hic
220 1699 347 1762 quoque
375 1678 520 1762 proclive
549 1685 600 1746 est
623 1681 715 1746 dictu
739 1679 905 1762 Catonem,
935 1697 1008 1746 cum
1034 1678 1155 1746 librum
1184 1680 1228 1746 de
1250 1674 1320 1761 agri

144 1791 275 1854 cultura
302 1786 439 1869 scriptis
466 1789 646 1870 mandaret,
675 1787 764 1853 haud
791 1785 840 1852 ita
868 1774 1009 1853 alienum
1039 1783 1142 1854 fnisse
1170 1804 1192 1852 a
1222 1784 1321 1853 Grae·

144 1913 254 1960 corum
278 1892 438 1961 doctrina.

233 2019 405 2085 Accedunt
427 2020 490 2085 duo
513 2016 569 2083 illi
590 2018 665 2102 loci,
693 2036 763 2100 cap.
788 2020 861 2100 115,
885 2020 904 2083 2
933 2021 968 2085 et
996 2036 1064 2100 cap.
1090 2018 1164 2100 156,
1187 2018 1218 2085 5.
1243 2020 1264 2085 6
1291 2022 1323 2084 et

145 2127 218 2209 157,
246 2127 287 2192 de
310 2124 428 2207 quibus
451 2125 584 2193 uberius
607 2125 672 2192 iam
695 2143 795 2207 supra
817 2126 854 2191 in
877 2144 947 2208 cap.
970 2125 988 2190 I
1012 2129 1046 2191 et
1068 2124 1103 2190 Π
1130 2129 1242 2192 actum
1266 2132 1323 2194 est.

144 2231 295 2313 Denique
327 2232 571 2299 commemorari
598 2237 709 2315 potest
736 2235 838 2317 locus,
870 2232 926 2314 qui
958 2231 1036 2298 item
1067 2250 1138 2298 rem
1167 2232 1324 2300 rusticam

145 2337 296 2422 attingit,
323 2337 380 2405 ubi
408 2338 570 2406 Graecum
603 2343 770 2406 auctorem
799 2339 882 2407 Cato
909 2357 1082 2422 perperam
1111 2339 1325 2408 intellexisse

144 2445 290 2528 videtur3
314 2447 439 2512 dehoc
463 2446 503 2512 cf.
526 2447 691 2533 Muenzer,
714 2446 875 2529 Beitrtge
897 2466 972 2532 pag.
996 2447 1047 2513 31.

236 2571 363 2655 Restat,
395 2576 433 2638 ut
465 2588 666 2655 quaeramus,
690 2571 799 2654 qualis
831 2571 913 2638 haec
943 2571 1142 2639 Graecorum
1174 2571 1327 2640 doctrina

144 2676 245 2744 fuisse
267 2678 380 2761 possit.
426 2679 477 2745 Ac
503 2679 641 2760 primum
669 2679 799 2761 quidem
826 2697 891 2746 non
920 2682 972 2746 est
993 2677 1327 2762 praetermittendum

145 2786 283 2851 multum
301 2783 447 2850 valuisse
465 2785 508 2850 ad
526 2782 726 2866 reliquorum
745 2785 907 2852 italorum
926 2783 1202 2871 agricolationem
1222 2785 1328 2854 Grae·

146 2909 201 2957 cos
223 2890 348 2957 incolas
371 2889 494 2957 Italiae
516 2890 752 2975 meridionalis,
775 2911 914 2976 magnae
933 2891 1093 2959 Graeciae
1111 2910 1211 2973 quam
1229 2912 1328 2962 vocc-

145 2999 235 3080 bant,
264 3001 364 3078 atque
388 2998 477 3063 inter
499 2997 558 3064 hos
582 2997 638 3079 qui
661 2998 869 3081 campaniam
892 2999 1094 3066 obtinebant.
1141 2998 1329 3084 Praecipue

145 3103 264 3170 vitium
287 3106 452 3170 culturam
473 3104 563 3171 haud
585 3104 796 3172 mediocriter
818 3107 860 3172 ab
883 3106 936 3172 his
959 3105 1108 3173 adiutam
1131 3124 1205 3174 esse
1226 3112 1329 3191 atqua

146 3216 276 3277 auctam
300 3209 461 3296 scimusl).
507 3213 589 3278 Tum
613 3230 726 3279 servos
745 3212 926 3295 Campanos
949 3216 1006 3279 vcl
1025 3231 1096 3278 cum
1118 3212 1222 3298 Syris,
1247 3233 1330 3297 quos

146 3318 295 3400 inprimis
324 3317 374 3383 rei
404 3318 551 3384 rusticae
583 3338 683 3386 causa
712 3319 852 3386 Romani
881 3319 946 3386 sibi
977 3338 1098 3402 parare
1130 3319 1330 3409 solebanth,

147 3425 327 3493 certavisse
354 3423 518 3506 patientia
546 3445 586 3492 ex
610 3426 722 3493 Plauti
745 3426 926 3495 Trinummi
948 3448 979 3497 v.
1004 3427 1068 3493 542
1091 3445 1162 3511 sqq.
1190 3429 1331 3498 intelle-

235 3675 256 3743 ι)
276 3673 310 3728 ci.
330 3689 411 3744 geop.
430 3672 554 3729 eiusdem
571 3673 638 3728 libri
657 3690 717 3744 cap.
738 3675 780 3743 11,
801 3676 843 3729 10.

234 3780 256 3850 ⁹)
276 3780 308 3835 0.
320 3779 422 3848 Weise,
446 3797 500 3835 von
518 3780 643 3836 welchcn
662 3779 778 3837 Staaton
799 3782 838 3837 ist
855 3783 926 3838 Rom
950 3783 980 3837 in
1002 3783 1093 3839 seiner
1111 3782 1217 3840 Kultur
1234 3785 1332 3843 becin-

146 3868 225 3923 dusst
243 3870 376 3925 worden?
403 3871 472 3924 Mus.
491 3869 579 3924 Rhen,
599 3870 633 3925 38
652 3870 744 3941 (1883)
763 3872 816 3926 554
834 3889 875 3940 sq.
911 3871 1004 3927 Etiam
1027 3872 1174 3930 Demetros
1198 3873 1332 3949 (Cereris)

147 3957 253 4012 cultum
271 3958 336 4013 inde
354 3958 385 4012 in
403 3958 547 4013 civitatem
565 3960 720 4014 Romanam
739 3977 798 4016 asse
816 3965 961 4033 receptum
979 3964 1099 4030 constat,
1123 3962 1158 4020 ci.
1182 3963 1334 4035 Wissowa,

147 4045 277 4117 Religion
294 4064 321 4100 u.
340 4047 441 4101 Kultus
461 4048 510 4103 der
528 4049 638 4116 Rdmer,
660 4049 736 4116 1902,
754 4067 820 4120 pag.
834 4051 895 4105 243.

237 4154 258 4224 1)
277 4153 367 4221 Hehn,
386 4153 536 4225 Kulturpfl.
556 4173 582 4211 u.
595 4156 693 4212 Haust.
711 4173 776 4227 pag.
790 4157 891 4226 42lsq.
925 4157 956 4214 0.
967 4156 1061 4213 Weiss
1079 4156 1097 4213 1.
1112 4175 1134 4213 s.
1147 4175 1168 4214 s.
1184 4164 1334 4233 1113564.
