2932 4808
721 335 922 400 ...4.-

321 529 393 614 Quo
423 529 538 598 melius
568 533 677 596 autem
711 531 802 596 locos
831 527 921 594 inter
953 545 989 594 se
1022 545 1213 610 comparare
1237 525 1407 610 possimus,

233 637 366 704 Catonis
394 639 497 706 verba
524 655 590 705 una
618 656 689 703 cunr
713 635 965 721 geopouicorum
992 635 1055 701 hoc
1078 635 1148 702 loco
1172 633 1207 701 in
1230 637 1408 718 conspectu

232 743 437 832 ponantur1).

323 869 401 937 (iat.
432 888 511 952 cap.
544 871 621 936 114:
657 867 775 936 Vinum
813 869 844 934 si
885 869 981 937 voles
1126 864 1409 952 geop.lib.VIH

233 976 438 1059 concinnare,
460 981 498 1043 ut
520 977 630 1045 alvum
654 976 773 1043 bonam
796 973 909 1059 faciat,
931 994 982 1042 se·
1038 977 1092 1043 18:
1128 974 1223 1041 Οἴνοα
1256 975 1408 1056 καθαρτι-

234 1083 371 1151 cundum
394 1082 605 1168 vindemiam,
627 1082 684 1150 ubi
707 1082 796 1152 vites
824 1083 982 1165 ablaque·
1036 1089 1096 1148 καί
1119 1083 1276 1148 σκευασία.
1311 1079 1410 1146 Ὅταν

234 1196 340 1275 autur,
363 1195 519 1272 quantum
537 1190 671 1274 putabis
691 1190 722 1258 ei
741 1190 792 1257 rei
810 1190 894 1257 satis
909 1207 981 1257 esse
1035 1190 1154 1273 βόθρια
1189 1191 1320 1273 γένηται,
1352 1189 1410 1271 μί-

233 1297 319 1383 vini,
348 1301 400 1365 tot
428 1299 517 1367 vites
547 1298 748 1380 ablaqueato
779 1303 813 1365 et
842 1297 982 1383 signato.
1036 1299 1129 1368 λανος
1159 1296 1326 1380 ἐλλεβόρου
1355 1294 1412 1366 τὰς

234 1424 345 1473 earum
368 1405 497 1473 radices
520 1404 755 1473 circumsecato
779 1409 814 1473 et
831 1409 981 1490 purgato.
1036 1405 1124 1488 ῥίζας
1137 1404 1252 1486 κόψον,
1262 1403 1411 1485 καὶπερι-

233 1512 359 1581 veratri
381 1512 448 1579 otri
475 1512 607 1580 radices
630 1511 823 1580 contundite
845 1510 881 1578 in
902 1510 983 1595 pila,
1037 1512 1184 1594 καθάρας
1197 1517 1251 1595 τῆς
1265 1511 1411 1594 ἀμπέλου

234 1638 292 1687 eas
318 1619 450 1687 radices
473 1621 550 1688 date
574 1620 696 1688 circum
718 1620 820 1690 vitem
844 1625 879 1687 et
900 1625 983 1686 ster·
1036 1619 1090 1691 τὰς
1126 1620 1227 1702 ῥίζας,
1264 1617 1413 1700 περίβαλε

235 1746 292 1794 cus
314 1733 410 1797 vetus
439 1733 474 1795 et
501 1727 640 1795 cinerem
665 1733 812 1797 veterem
839 1732 874 1794 et
901 1728 983 1794 duas
1037 1724 1413 1809 αὐτὰςτῷκοαένιιέλλε·

234 1839 348 1917 partes
374 1840 487 1902 terrae
514 1834 716 1902 circumdate
740 1833 868 1902 radices
891 1833 982 1902 vitis.
1036 1834 1137 1918 βόρῳ,
1160 1834 1214 1898 καί
1230 1833 1332 1903 οὕτως
1349 1831 1411 1914 φύ-

233 1946 357 2008 terram
380 1941 517 2024 insuper
538 1940 653 2008 inicito
677 1959 742 2023 eqs.
1037 1965 1154 2006 ταυααν.

325 2083 402 2151 Cat.
419 2102 497 2167 cap.
514 2085 587 2169 115,
602 2085 635 2150 2:
654 2082 775 2151 Vinum
798 2085 842 2150 ad
864 2083 974 2152 alvum
996 2083 1187 2152 movendam
1207 2080 1413 2150 concinnare.

237 2190 324 2259 vites
349 2208 420 2257 cum
443 2192 739 2274 ablaqueabuutur²
762 2190 893 2276 sigmate
915 2190 1057 2274 rubrica,
1079 2209 1121 2257 ue
1139 2189 1321 2258 admisceas
1341 2206 1412 2255 cum

237 2302 348 2365 cetero
370 2297 456 2367 vino.
502 2297 564 2366 tris
591 2296 768 2366 fasciculos
791 2298 918 2367 veratri
945 2297 1011 2366 atri
1034 2297 1268 2380 euaumponito
1291 2295 1414 2363 circum

238 2404 366 2472 radices
390 2410 426 2472 et
448 2410 571 2472 terram
593 2405 729 2488 insuper
750 2405 878 2472 inicito.

324 2510 431 2578 Locos
452 2509 541 2578 inter
563 2529 599 2578 se
623 2512 799 2579 cohaerere
817 2529 911 2578 nemo
929 2516 1040 2595 neget.
1076 2509 1272 2594 Priusquam
1296 2515 1414 2593 autem,

236 2618 330 2700 quid·
345 2619 454 2685 adhuc
484 2637 525 2685 ex
554 2617 701 2700 antiquis
729 2618 867 2701 scriptis
899 2620 941 2686 de
970 2618 1022 2686 his
1054 2618 1238 2702 praeceptis
1271 2620 1414 2701 eluceat,

236 2724 406 2793 videamus
428 2725 511 2792 haec
535 2725 736 2794 absolvenda
758 2730 810 2792 est
832 2725 994 2810 quaestio,
1018 2732 1125 2794 utrum
1149 2745 1219 2810 cap.
1240 2727 1303 2793 115
1326 2725 1413 2794 idem

237 2829 392 2899 exhibeat
413 2837 623 2915 praeceptum
651 2850 690 2899 ac
718 2850 788 2916 cap.
812 2833 876 2899 114
904 2852 948 2900 an
974 2851 1102 2902 uorum.
1148 2832 1226 2901 (ium
1249 2832 1414 2900 Henricus

237 2936 316 3004 Keil
343 2943 447 3022 recte,
477 2944 516 3006 ut
544 2938 692 3021 equidem
721 2945 814 3024 puto,
842 2939 877 3006 in
904 2939 1134 3008 commentario
1164 2958 1223 3007 suo
1251 2959 1326 3025 pag.
1350 2941 1414 3006 128

237 3043 313 3110 ‘tria
346 3051 526 3128 praecepta
562 3046 603 3113 de
638 3045 717 3115 vino
749 3048 791 3114 ad
823 3046 932 3116 alvum
963 3048 1155 3115 movendum
1187 3047 1414 3115 concinnando

237 3150 416 3234 separatim
437 3153 556 3235 posita’
584 3153 799 3239 archetypum
822 3160 955 3222 secutus
975 3159 1143 3238 agnoscat,
1165 3153 1289 3222 Paulus
1302 3153 1416 3222 Weise

238 3257 272 3326 in
299 3256 398 3342 libro,
426 3259 479 3327 cui
506 3260 676 3344 inscripsit
697 3260 943 3346 ‘Quaestionum
966 3260 1219 3330 Catonianarum
1247 3261 1358 3345 capita
1376 3262 1416 3329 V’

238 3364 330 3451 (diss.
345 3364 494 3450 Gottiug.
515 3367 623 3454 1886),
645 3387 720 3453 pag.
740 3369 791 3452 95,
817 3369 889 3453 147,
915 3369 976 3435 167
1000 3368 1084 3435 nihil
1106 3367 1198 3436 aliud
1220 3367 1275 3435 hic
1298 3370 1416 3436 adesse

238 3473 442 3556 suspicatur,
468 3473 536 3539 nisi
560 3476 641 3541 duas
664 3474 808 3542 eiusdem
832 3474 953 3558 capitis
975 3473 1113 3560 formas,
1133 3477 1184 3543 ita
1205 3481 1243 3543 ut
1265 3495 1335 3560 cap.
1352 3478 1416 3544 114

239 3579 464 3664 vetustiorem,
495 3599 564 3664 cap.
589 3582 652 3648 115
682 3582 898 3650 recentiorem
927 3584 1100 3667 praebeat,
1130 3583 1277 3666 quamvis
1305 3583 1417 3652 ultimo

238 3686 310 3753 loco
333 3685 398 3753 iam
421 3689 463 3755 de
482 3686 710 3771 discrepantiis
728 3691 893 3773 loquatur,
917 3690 1034 3771 quibus
1057 3691 1104 3776 ‘is,
1128 3688 1184 3773 qui
1201 3692 1324 3758 librum
1343 3710 1417 3758 con-

238 3791 425 3878 taminavit,
457 3795 530 3862 siue
563 3795 671 3862 dubio’
704 3803 881 3864 commotus
913 3797 972 3881 sit,
1008 3804 1047 3866 ut
1077 3804 1249 3880 utramque
1280 3797 1417 3866 formam

239 3898 411 3983 reciperet.

240 4027 454 4038 -—-·-—-·-.--

329 4097 350 4167 ¹)
369 4094 547 4152 Editionibus
571 4100 635 4153 utor
654 4097 783 4153 Keiliana
801 4097 915 4154 Catonis
939 4099 1006 4154 anni
1027 4099 1096 4155 1884
1118 4103 1147 4156 et
1169 4100 1331 4157 Beckhiana
1353 4117 1417 4172 geo·

239 4185 403 4254 penicorum
422 4185 489 4240 anni
510 4185 578 4243 1895
597 4186 805 4243 Teubnerianis.
