2932 4808
168 725 269 823 ‘Non
297 761 349 824 θεῖ
376 757 459 824 satis
485 756 598 824 mirari
627 776 737 824 curam
760 757 1031 842 diligentiamque
1054 756 1244 842 priscorum,

65 864 123 946 qui
142 864 249 930 omnia
269 864 408 931 scrutati
426 864 508 931 nihil
525 863 756 948 intemptatum
773 864 994 946 rehquerunt.’
1033 863 1125 949 Quae
1144 864 1245 931 Plinii

65 971 203 1058 rerba1)
217 972 252 1038 in
265 971 462 1038 nostratium
476 991 604 1055 quoque
616 973 707 1041 viros
721 972 801 1039 illos
817 973 947 1055 cadunt,
961 971 1017 1054 qui
1028 971 1063 1038 in
1074 971 1245 1040 veteribus

65 1079 199 1161 scriptis
222 1079 369 1146 studiose
393 1084 428 1146 et
449 1080 586 1146 multum
608 1080 750 1148 volutati
772 1080 951 1165 grandibus
973 1078 1068 1147 libris
1091 1099 1139 1164 ea,
1162 1099 1245 1162 quae

66 1187 209 1268 undique
221 1187 431 1271 collegerant,
443 1187 619 1254 memoriae
630 1186 849 1271 tradiderunt,
862 1187 949 1253 inter
962 1206 1018 1254 eos
1029 1189 1072 1253 ad
1083 1186 1244 1254 Saxonem

65 1294 161 1360 illum
184 1293 346 1360 loannem
370 1293 507 1360 Gottlob
528 1293 716 1378 Schneider,
741 1294 797 1376 qui
818 1294 969 1377 inprimis
992 1297 1165 1360 adrerum
1187 1313 1245 1360 na-

65 1401 221 1469 turalium
235 1405 270 1468 θῖ
284 1401 403 1468 artium
416 1401 595 1484 scriptores
608 1421 759 1486 magnam
774 1421 866 1468 suam
879 1421 989 1468 curam
1001 1404 1100 1483 atque
1113 1420 1245 1484 operam

66 1507 269 1576 conferebat.
313 1508 471 1575 Attamen
493 1512 532 1575 ut
555 1527 608 1591 ea,
636 1527 719 1590 quae
744 1511 784 1574 de
807 1508 961 1578 Vitruvio
984 1512 1075 1575 recte
1099 1512 1245 1575 autuma-

66 1620 178 1700 verat,
210 1615 327 1697 perdiu
357 1635 378 1681 a
407 1613 489 1684 viris
519 1615 624 1681 doctis
653 1614 806 1698 neglecta
832 1614 1045 1702 iacuerunt2),
1075 1615 1124 1681 ita
1150 1635 1245 1700 nunc,

64 1729 240 1806 postquam
262 1721 426 1788 Hemicus
449 1721 528 1788 Keil
561 1741 652 1788 suam
683 1740 792 1788 rerum
823 1722 1019 1789 rusticarum
1051 1722 1244 1805 scriptorum

66 1828 275 1917 editionem⁸l
299 1830 394 1899 novis
413 1829 654 1897 commentariis
672 1830 841 1914 instruxit,
864 1830 899 1896 in
917 1849 999 1912 quos
1017 1850 1036 1896 e
1054 1829 1246 1897 Schneideri

66 1935 254 2019 editionis⁴)
278 1937 508 2005 commentario
530 1956 638 2021 pauca
654 1942 783 2004 tantum
801 1937 982 2022 transtuht,
1003 1937 1102 2004 timor
1120 1941 1180 2021 est,
1202 1956 1244 2004 ne

66 2047 131 2114 hae
145 2064 273 2128 quoque
289 2045 539 2114 observationes
554 2045 676 2112 diutius
691 2064 784 2127 quam
799 2044 850 2112 fas
865 2050 917 2112 θεῖ
928 2045 1245 2128 praetermittantur,

67 2152 132 2220 etsi
159 2154 399 2220 concedendum
423 2157 487 2236 θεῖ,
519 2154 607 2234 quod
629 2153 754 2219 attinet
776 2154 819 2219 ad
842 2153 1008 2236 Catonem,
1036 2153 1101 2219 iam
1125 2155 1245 2220 dudum

66 2259 202 2327 disertis
228 2259 341 2329 verbis
367 2259 611 2342 pronuntiatum
639 2278 711 2326 esse
739 2279 858 2328 novum
882 2260 1161 2344 commentarium,
1189 2259 1246 2342 qui

65 2386 133 2435 non
145 2373 213 2434 tam
227 2366 361 2434 formam
378 2386 473 2449 quam
487 2387 542 2434 res
556 2372 707 2450 spectare
722 2369 852 2449 debeat,
866 2387 887 2434 a
899 2367 1010 2434 multis
1021 2365 1246 2453 desideraril).

157 2474 217 2541 Cui
239 2474 366 2542 muneri
387 2474 459 2557 ipse
482 2493 610 2557 quoque
632 2494 692 2557 pro
715 2494 788 2542 mea
807 2479 903 2557 parte
921 2474 1083 2544 inservire
1102 2473 1245 2557 cupiens,

65 2587 238 2665 postquam
257 2582 292 2648 in
306 2581 383 2649 aliis
398 2581 540 2649 studium
555 2581 747 2667 consumpsi,
767 2581 908 2663 denique
923 2581 1162 2666 quinquaginta
1175 2580 1245 2647 fere

65 2689 162 2774 locis,
190 2688 248 2756 ubi
275 2688 455 2756 Schneider
483 2689 520 2755 in
550 2689 780 2756 commentario
810 2692 854 2755 ad
881 2689 1131 2775 geoponicorum
1158 2691 1245 2770 quod

66 2802 189 2866 vocant
208 2815 325 2879 corpus
343 2817 401 2864 nos
419 2796 524 2880 reicit,
547 2801 724 2863 commotus
743 2816 822 2880 snm,
845 2801 883 2863 ut
900 2796 1172 2863 similitudinibus
1190 2797 1246 2862 hic

65 2903 221 2971 indicatis
253 2904 442 2971 accuratius
474 2923 605 2986 operam
637 2923 794 2973 navarem
823 2908 938 2988 atque,
971 2924 1042 2970 cum
1071 2903 1245 2994 nonnullas

67 3031 178 3078 earnm
193 3013 365 3077 admodum
378 3011 545 3093 speciosas
558 3030 598 3077 ac
612 3010 776 3078 notabiles
790 3030 862 3078 esse
876 3010 1126 3095 intellexissem,
1141 3014 1245 3077 totum

65 3119 318 3204 geoponicorum
346 3137 464 3201 corpus
488 3117 665 3203 dihgenter
687 3119 889 3204 perlegerem
912 3137 1047 3201 sperans
1070 3137 1121 3184 me
1145 3117 1245 3184 etiam

65 3227 180 3309 plures
206 3225 416 3294 inventurum
444 3244 530 3309 esse,
558 3244 643 3307 quae
670 3224 902 3294 Schneiderum
932 3230 969 3291 et
993 3225 1244 3310 geoponicorum

65 3333 221 3416 editores,
249 3333 306 3415 qui
328 3332 407 3399 item
430 3351 558 3414 quoque
582 3332 739 3399 Catonem
762 3352 834 3400 cum
858 3331 986 3399 Graeco
1010 3337 1146 3399 auctore
1169 3351 1244 3398 con·

156 3511 179 3580 ¹)
198 3507 262 3564 Nat.
280 3509 346 3565 hist.
364 3509 528 3566 1111111112.

156 3589 178 3660 ²)
196 3589 312 3657 Scheria,
332 3588 429 3644 Gesch„
449 3590 475 3644 d.
494 3595 563 3645 rbm.
582 3590 650 3645 Litt.
668 3589 741 3645 111⁸
760 3590 852 3661 (1899)
872 3590 932 3644 352.

157 3671 181 3742 ⁸)
199 3670 237 3724 Μ.
250 3669 333 3724 Porci
346 3668 460 3725 Catonis
480 3670 514 3725 de
533 3671 595 3741 agri
613 3671 723 3726 cultura
741 3669 813 3725 liber
826 3670 864 3725 Μ.
879 3668 994 3724 Terenti
1005 3669 1138 3724 Varronis
1152 3686 1242 3724 rerum

63 3750 234 3806 rusticarum
252 3749 320 3805 libri
336 3753 394 3806 tres
413 3766 446 3805 ex
464 3750 624 3806 recensione
642 3750 756 3806 Henrici
776 3750 869 3807 Keilii.
901 3750 976 3820 Lips.
998 3750 1182 3805 lest-1902.

156 3830 178 3902 ⁴)
197 3830 371 3901 Scriptorum
388 3829 430 3886 rei
448 3831 569 3886 rusticae
587 3834 713 3887 veterum
731 3831 895 3887 Latinorum
913 3832 982 3886 tom.
1000 3829 1040 3885 IV
1052 3831 1093 3885 ill.
1107 3832 1151 3886 Jo.
1165 3830 1244 3887 Gott-

64 3913 114 3969 lob
133 3911 295 3979 Schneider,
314 3911 395 3966 Saxo.
425 3910 501 3982 Lips.
522 3913 705 3968 1794-1797.

156 3993 179 4063 ⁸)
197 3992 311 4060 Hauler,
334 4010 368 4047 zu
387 3990 471 4048 Gaios
490 3991 595 4048 schrift
613 3993 658 4048 bb.
678 3993 705 4048 d.
724 3991 875 4059 Landwee,
894 3990 990 4062 Progr.
1010 3991 1036 4048 d.
1057 3991 1244 4063 Staatsgymn.

63 4074 102 4130 im
118 4074 153 4130 II.
168 4073 240 4140 Bon,
253 4071 338 4128 Wien
352 4072 430 4139 1896,
444 4091 472 4143 p.
485 4074 510 4140 9,
523 4073 566 4128 29,
581 4104 614 4113 -
627 4072 731 4128 Archiv
745 4071 764 4127 f.
783 4072 832 4127 lat.
845 4071 994 4142 Lexilrogr.
1013 4073 1070 4127 und
1085 4071 1207 4127 Gramm.
1220 4073 1244 4126 X

62 4154 158 4228 (1898)
176 4153 238 4210 297.
