2932 4808
621 307 843 372 ..24-

141 497 542 585 benaaquamdefundito.
571 519 609 566 eo
628 500 744 567 addito
764 501 871 566 oleum
888 502 972 569 bene
1000 502 1062 573 ἕως
1113 504 1153 567 ἂν
1198 505 1319 586 γένηται

141 614 257 695 postea
270 609 373 674 salem
383 607 498 674 addito
509 612 543 674 et
571 611 606 674 et
632 607 715 674 salis
740 607 910 690 paululum
937 613 972 674 et
999 608 1124 692 τακερά,
1161 609 1224 674 εἶτα
1259 611 1318 673 ἀνι-

143 715 261 784 cumini
304 713 472 797 paululum
509 719 544 780 θλ
571 714 732 781 cuminum
757 719 792 780 et
814 714 971 796 pollinem
999 717 1118 800 ηιλῆοαι
1158 715 1193 780 τὸ
1228 716 1318 799 ὕδωρ

141 822 297 908 pollinem
315 823 471 903 polentae
491 839 543 887 eo·
569 824 736 903 polentae.
750 820 971 904 posteaferve
998 828 1070 896 πᾶν,
1085 823 1256 906 ἐπιβάλλειν
1268 823 1320 887 καλ

142 933 217 998 dem
241 928 356 996 addito
375 932 409 993 et
427 929 542 994 oleum.
570 929 653 995 bene
666 926 777 996 facito.
792 927 849 995 ubi
863 926 971 996 ferve—
999 931 1109 1003 ἔλαιον,
1133 929 1195 994 εἶτα
1211 931 1319 1012 deuey-

143 1042 259 1120 postea
273 1033 477 1118 fervefacito,
495 1034 543 1101 in-
569 1034 624 1119 rit,
642 1035 677 1102 in
697 1034 841 1102 catinum
856 1033 971 1102 indito.
998 1037 1172 1112 καιαζέσοι,
1187 1035 1250 1100 εἶτα
1265 1038 1320 1120 ἐμ-

141 1141 478 1227 fnnditoincatinum‚
492 1141 542 1208 uti
570 1144 648 1209 dato
677 1141 756 1226 edit,
783 1141 812 1210 si
838 1141 970 1226 poterit,
997 1144 1150 1227 βάλλοντα
1186 1145 1229 1215 εἰς
1265 1144 1321 1226 ἀγ-

141 1249 310 1336 trigescat.
338 1268 376 1316 ao
408 1248 543 1316 interito
570 1248 642 1316 sine
653 1268 753 1333 pane3
768 1248 796 1316 si
806 1267 879 1333 non,
893 1250 970 1316 dato
998 1257 1080 1333 γεῖον
1111 1250 1272 1334 ereptum
1304 1250 1324 1314 ὅ
1335 1300 1338 1307 .

143 1354 414 1441 quodvoletcibi
428 1361 543 1440 postea
569 1375 686 1439 panem
709 1374 825 1440 purum
851 1356 971 1423 ibidem
997 1382 1024 1422 ιι
1042 1360 1081 1422 ἂν
1094 1359 1194 1442 βούλῃ
1213 1359 1321 1422 οιιλον·

144 1462 220 1531 edit.
242 1465 300 1530 sed
314 1462 343 1529 si
356 1463 481 1546 poterit
493 1482 543 1530 so·
570 1462 777 1531 madefaciat.
804 1467 839 1531 et
866 1463 896 1529 si
923 1461 970 1530 fe·
999 1468 1018 1549 ἢ
1030 1465 1133 1549 μόνην
1142 1465 1256 1529 ἐσθίειν
1267 1464 1324 1547 τὴν

144 1574 210 1638 lam
246 1568 425 1638 brassicam
462 1589 543 1654 esse,
570 1571 655 1638 brim
664 1589 728 1638 non
737 1570 883 1654 habebit
892 1572 971 1637 dato
999 1572 1157 1657 κράμβην,
1169 1572 1223 1636 καὶ
1235 1571 1322 1635 dudd-

144 1677 222 1745 edit.
246 1682 282 1745 et
303 1675 334 1744 si
355 1676 427 1744 sine
449 1676 543 1745 febre
571 1678 684 1747 vinum
725 1683 832 1747 atrum
868 1678 972 1746 bibat.
998 1704 1049 1745 ναι
1061 1679 1197 1763 ψυχρόν.
1223 1678 1323 1743 Τοῦτο

144 1785 221 1869 erit,
258 1786 336 1851 dato
372 1783 442 1853 vini
479 1784 544 1852 atri
572 1784 637 1852 cito
660 1804 760 1854 sanus
782 1786 849 1854 fiet.
1000 1786 1035 1850 δὲ
1063 1786 1124 1870 χρὴ
1152 1791 1251 1850 ποιεῖν
1275 1785 1322 1869 μὴ

144 1891 219 1959 duri
257 1897 412 1975 aquatum
447 1892 545 1959 hibat
999 1895 1093 1967 ἅπαξ,
1103 1892 1180 1957 ἀλλὰ
1190 1893 1324 1975 ἑκάστην

146 2019 243 2082 quem
287 1997 465 2081 minimum
516 1999 545 2066 si
999 2001 1122 2084 ἡμέραν
1158 1999 1250 2082 πρωῒ
1282 2001 1324 2070 εἷς

144 2105 246 2174 febris
262 2105 333 2189 erit,
352 2125 478 2188 aquam.
508 2107 545 2172 id
998 2108 1142 2178 aebbae
1186 2108 1323 2190 ἡμέρας·

144 2213 246 2281 facito
285 2212 406 2280 cotidie
441 2232 545 2280 mene.
998 2215 1044 2299 μὴ
1059 2214 1139 2279 πολὺ
1154 2215 1198 2289 δέ,
1213 2214 1323 2299 ἵναμὴ

143 2321 545 2405 nolitomnltumdare,ne
998 2329 1147 2405 προοοιῇ.
1219 2372 1222 2376 .
1358 2336 1360 2353 ¹

144 2426 547 2514 pertaedescet,utipossit

144 2555 241 2620 porro
263 2535 411 2602 libenter
433 2552 514 2602 esse.

238 2641 410 2710 Oribasius
437 2660 521 2724 qnae
549 2642 688 2722 praebet
717 2646 805 2708 certe
829 2660 872 2708 ex
893 2640 980 2708 libro
1003 2639 1112 2723 aliquo
1136 2641 1324 2726 exscripsit,

145 2749 180 2816 in
204 2769 266 2831 quo
290 2749 318 2815 si
341 2767 406 2817 non
428 2750 535 2816 multa
557 2753 705 2815 attamen
727 2748 890 2816 nonnulla
912 2749 1016 2818 verba
1039 2748 1220 2833 anteibant,
1248 2768 1323 2816 nam

146 2856 205 2940 ita,
228 2860 266 2924 ut
288 2857 376 2938 apud
389 2855 483 2922 illum
499 2859 620 2941 exstat,
642 2860 743 2939 caput
756 2855 814 2923 vix
828 2855 997 2938 quisquam
1010 2854 1166 2923 inchoare
1180 2860 1323 2940 poterat,

146 2962 211 3029 nisi
239 2961 326 3029 forte
353 2967 473 3046 putare
500 2962 648 3031 volumus
677 2982 718 3029 ex
744 2964 898 3030 thesauro
922 2963 1033 3046 aliquo
1057 2967 1219 3047 sumptum
1243 2982 1324 3047 esse,

146 3070 182 3137 in
209 3088 272 3152 quo
300 3069 435 3155 singula
461 3068 698 3137 medicamenta
725 3071 901 3137 seeundum
924 3069 1064 3153 litteras,
1091 3089 1112 3136 a
1135 3069 1252 3152 quihus
1275 3071 1324 3137 in-

147 3177 323 3262 cipiebant,
353 3176 515 3260 disposita
537 3182 638 3260 atque
660 3177 756 3244 unius
787 3176 944 3259 cuiusque
973 3177 1167 3261 compositio
1198 3195 1238 3243 ac
1271 3178 1323 3246 ris

146 3284 295 3353 breviter
325 3284 513 3367 descriptae
543 3289 651 3351 erant:
682 3304 765 3367 quae
795 3282 963 3351 sententia
994 3303 1064 3351 cum
1094 3284 1158 3351 illo
1186 3285 1323 3351 exordio

146 3393 307 3478 Κράμβην
329 3393 391 3477 χρὴ
414 3394 476 3456 κιλ.
500 3391 643 3460 fortasse
666 3392 865 3462 conveniret
911 3391 1108 3475 Ceteroquin
1122 3393 1212 3474 apud
1226 3391 1324 3459 Oato·

146 3518 220 3566 nem
248 3518 376 3581 quoque
403 3498 438 3565 in
465 3500 674 3585 paragrapho
702 3499 819 3582 quinta
845 3499 934 3567 inter
956 3502 1061 3584 verba
1087 3502 1130 3566 ‘et
1156 3518 1260 3581 puero
1289 3505 1325 3566 et

149 3607 286 3690 puellae
322 3606 352 3674 si
388 3608 483 3673 ulcus
521 3606 586 3673 erit
622 3606 758 3674 huiusce
793 3606 896 3691 modi,
931 3605 1072 3674 farinam
1107 3606 1325 3673 hordeaceam

148 3711 271 3780 addito’
304 3716 339 3780 et
369 3714 414 3778 ‘et
446 3712 474 3779 si
506 3715 602 3782 volas
632 3732 704 3780 eam
737 3718 919 3781 consectam
950 3713 1074 3780 lautam
1104 3712 1223 3780 siccam
1253 3714 1325 3781 sale

148 3823 242 3886 aceto
272 3839 418 3902 sparsam
446 3821 528 3887 ease’
555 3839 621 3902 aqs.
649 3821 721 3888 hiat
748 3821 913 3889 sententia
940 3826 1040 3904 abque
1068 3821 1153 3887 satis
1183 3821 1325 3904 abrupte

149 3927 191 3992 ad
214 3926 388 4008 sequentia
411 3926 572 3994 transitus
595 3928 642 3995 dt.
688 3927 753 3995 Sed
777 3930 820 3996 ad
843 3929 979 4014 singula
1001 3947 1062 3995 nos
1086 3932 1324 3997 convertamus.

237 4033 277 4099 In
303 4031 399 4100 initio
426 4039 465 4100 ut
487 4032 634 4102 Graecus
661 4036 754 4103 homo
782 4035 916 4103 addidit
938 4037 994 4108 ‘uic
1017 4037 1158 4120 ὀξνιάιῳ
1182 4037 1324 4121 οιὸηρίῳ’

149 4144 183 4207 θλ
214 4140 312 4229 paulo
344 4145 420 4226 post
451 4141 520 4208 ‘dou
553 4143 654 4210 iaaod’
686 4147 784 4225 atque
816 4163 855 4211 eo
887 4161 1015 4225 qnoque
1047 4143 1234 4211 accuratior
1264 4150 1326 4230 est,
