<?xml version="1.0" encoding="UTF-8"?>
<!DOCTYPE html PUBLIC "-//W3C//DTD XHTML 1.0 Transitional//EN"
    "http://www.w3.org/TR/xhtml1/DTD/xhtml1-transitional.dtd">
<html xmlns="http://www.w3.org/1999/xhtml" xml:lang="en" lang="en">
 <head>
  <title>
</title>
<meta http-equiv="Content-Type" content="text/html;charset=utf-8" />
  <meta name='ocr-system' content='tesseract 3.04.00' />
  <meta name='ocr-capabilities' content='ocr_page ocr_carea ocr_par ocr_line ocrx_word'/>
</head>
<body>
  <div class='ocr_page' id='page_1' title='image "./decatonisdeagri00reutgoog_0042.png"; bbox 0 0 2932 4808; ppageno 0'>
   <div class='ocr_carea' id='block_1_1' title="bbox 628 329 850 396">
    <p class='ocr_par' dir='ltr' id='par_1_1' title="bbox 628 329 850 396">
     <span class='ocr_line' id='line_1_1' title="bbox 628 329 850 396; baseline 0.009 -20"><span class='ocrx_word' id='word_1_1' title='bbox 628 329 850 396; x_wconf 61' lang='lat'><strong>..31-</strong></span> 
     </span>
    </p>
   </div>
   <div class='ocr_carea' id='block_1_2' title="bbox 131 522 1325 3072">
    <p class='ocr_par' dir='ltr' id='par_1_2' title="bbox 131 522 1325 714">
     <span class='ocr_line' id='line_1_2' title="bbox 133 522 1325 608; baseline 0.001 -19"><span class='ocrx_word' id='word_1_2' title='bbox 133 527 361 608; x_wconf 85' lang='lat' dir='ltr'>congesserat</span> <span class='ocrx_word' id='word_1_3' title='bbox 391 522 525 607; x_wconf 86' lang='lat' dir='ltr'>quique,</span> <span class='ocrx_word' id='word_1_4' title='bbox 559 529 596 589; x_wconf 92' lang='grc'>11</span> <span class='ocrx_word' id='word_1_5' title='bbox 625 523 754 591; x_wconf 87' lang='lat' dir='ltr'>Holtzii</span> <span class='ocrx_word' id='word_1_6' title='bbox 788 522 898 592; x_wconf 89' lang='lat' dir='ltr'>verbis</span> <span class='ocrx_word' id='word_1_7' title='bbox 929 528 1020 608; x_wconf 86' lang='lat' dir='ltr'>utar,</span> <span class='ocrx_word' id='word_1_8' title='bbox 1049 524 1202 592; x_wconf 78' lang='lat' dir='ltr'><strong>ultimam</strong></span> <span class='ocrx_word' id='word_1_9' title='bbox 1231 524 1325 606; x_wconf 85' lang='lat' dir='ltr'>quasi</span> 
     </span>
     <span class='ocr_line' id='line_1_3' title="bbox 131 629 990 714; baseline 0.002 -19"><span class='ocrx_word' id='word_1_10' title='bbox 131 647 278 697; x_wconf 88' lang='lat' dir='ltr'>manum</span> <span class='ocrx_word' id='word_1_11' title='bbox 302 629 553 697; x_wconf 81' lang='lat' dir='ltr'>emendatricem</span> <span class='ocrx_word' id='word_1_12' title='bbox 577 629 639 696; x_wconf 89' lang='lat' dir='ltr'>iam</span> <span class='ocrx_word' id='word_1_13' title='bbox 664 650 728 698; x_wconf 88' lang='lat' dir='ltr'>non</span> <span class='ocrx_word' id='word_1_14' title='bbox 752 636 906 714; x_wconf 85' lang='lat' dir='ltr'>expertus</span> <span class='ocrx_word' id='word_1_15' title='bbox 930 636 990 698; x_wconf 89' lang='lat' dir='ltr'>est.</span> 
     </span>
    </p>

    <p class='ocr_par' dir='ltr' id='par_1_3' title="bbox 132 735 1325 3072">
     <span class='ocr_line' id='line_1_4' title="bbox 236 735 1324 823; baseline 0.002 -21"><span class='ocrx_word' id='word_1_16' title='bbox 236 737 365 820; x_wconf 88' lang='lat' dir='ltr'>Itaque,</span> <span class='ocrx_word' id='word_1_17' title='bbox 383 741 421 803; x_wconf 90' lang='lat' dir='ltr'>ut</span> <span class='ocrx_word' id='word_1_18' title='bbox 438 737 525 803; x_wconf 91' lang='lat' dir='ltr'>hunc</span> <span class='ocrx_word' id='word_1_19' title='bbox 543 735 663 804; x_wconf 91' lang='lat' dir='ltr'>librum</span> <span class='ocrx_word' id='word_1_20' title='bbox 678 737 861 822; x_wconf 87' lang='lat' dir='ltr'>perficeret,</span> <span class='ocrx_word' id='word_1_21' title='bbox 881 737 912 803; x_wconf 90' lang='lat' dir='ltr'>ei</span> <span class='ocrx_word' id='word_1_22' title='bbox 926 737 1056 804; x_wconf 91' lang='lat' dir='ltr'>omnino</span> <span class='ocrx_word' id='word_1_23' title='bbox 1069 757 1134 805; x_wconf 90' lang='lat' dir='ltr'>nou</span> <span class='ocrx_word' id='word_1_24' title='bbox 1148 737 1324 823; x_wconf 80' lang='lat' dir='ltr'>contigisse</span> 
     </span>
     <span class='ocr_line' id='line_1_5' title="bbox 132 843 1324 932; baseline 0.001 -21"><span class='ocrx_word' id='word_1_25' title='bbox 132 845 327 926; x_wconf 89' lang='lat' dir='ltr'>putandum</span> <span class='ocrx_word' id='word_1_26' title='bbox 343 844 415 911; x_wconf 77' lang='lat' dir='ltr'>est?</span> <span class='ocrx_word' id='word_1_27' title='bbox 447 845 628 911; x_wconf 84' lang='lat' dir='ltr'>Secundum</span> <span class='ocrx_word' id='word_1_28' title='bbox 646 863 693 927; x_wconf 86' lang='lat' dir='ltr'>aa,</span> <span class='ocrx_word' id='word_1_29' title='bbox 714 864 799 926; x_wconf 89' lang='lat' dir='ltr'>quae</span> <span class='ocrx_word' id='word_1_30' title='bbox 815 864 914 928; x_wconf 90' lang='lat' dir='ltr'>supra</span> <span class='ocrx_word' id='word_1_31' title='bbox 930 844 1016 932; x_wconf 83' lang='lat' dir='ltr'>(pag.</span> <span class='ocrx_word' id='word_1_32' title='bbox 1027 843 1084 930; x_wconf 86' lang='grc'>30)</span> <span class='ocrx_word' id='word_1_33' title='bbox 1100 863 1324 912; x_wconf 91' lang='lat' dir='ltr'>commemora·</span> 
     </span>
     <span class='ocr_line' id='line_1_6' title="bbox 133 949 1325 1035; baseline 0.001 -17"><span class='ocrx_word' id='word_1_34' title='bbox 133 949 268 1035; x_wconf 83' lang='lat' dir='ltr'>vimus,</span> <span class='ocrx_word' id='word_1_35' title='bbox 298 957 489 1035; x_wconf 85' lang='lat' dir='ltr'>exspectare</span> <span class='ocrx_word' id='word_1_36' title='bbox 515 971 684 1034; x_wconf 90' lang='lat' dir='ltr'>possumus</span> <span class='ocrx_word' id='word_1_37' title='bbox 710 951 745 1018; x_wconf 90' lang='lat' dir='ltr'>in</span> <span class='ocrx_word' id='word_1_38' title='bbox 772 952 858 1020; x_wconf 90' lang='lat' dir='ltr'>libro</span> <span class='ocrx_word' id='word_1_39' title='bbox 885 950 1033 1034; x_wconf 82' lang='lat' dir='ltr'>perfecto</span> <span class='ocrx_word' id='word_1_40' title='bbox 1060 971 1125 1019; x_wconf 92' lang='lat' dir='ltr'>nou</span> <span class='ocrx_word' id='word_1_41' title='bbox 1152 954 1255 1019; x_wconf 89' lang='lat' dir='ltr'>solum</span> <span class='ocrx_word' id='word_1_42' title='bbox 1284 971 1325 1019; x_wconf 88' lang='lat' dir='ltr'>ea</span> 
     </span>
     <span class='ocr_line' id='line_1_7' title="bbox 134 1057 1325 1143; baseline -0.002 -16"><span class='ocrx_word' id='word_1_43' title='bbox 134 1059 269 1143; x_wconf 87' lang='lat' dir='ltr'>capita,</span> <span class='ocrx_word' id='word_1_44' title='bbox 283 1078 366 1141; x_wconf 87' lang='lat' dir='ltr'>quae</span> <span class='ocrx_word' id='word_1_45' title='bbox 380 1078 423 1126; x_wconf 82' lang='lat' dir='ltr'>ex</span> <span class='ocrx_word' id='word_1_46' title='bbox 436 1057 554 1126; x_wconf 91' lang='lat' dir='ltr'>Weisii</span> <span class='ocrx_word' id='word_1_47' title='bbox 567 1058 685 1127; x_wconf 88' lang='lat' dir='ltr'>libello</span> <span class='ocrx_word' id='word_1_48' title='bbox 701 1059 863 1141; x_wconf 82' lang='lat' dir='ltr'>adscripsi</span> <span class='ocrx_word' id='word_1_49' title='bbox 876 1077 1024 1141; x_wconf 86' lang='lat' dir='ltr'>quaeque</span> <span class='ocrx_word' id='word_1_50' title='bbox 1038 1059 1104 1125; x_wconf 89' lang='lat' dir='ltr'>iam</span> <span class='ocrx_word' id='word_1_51' title='bbox 1117 1059 1153 1125; x_wconf 92' lang='lat' dir='ltr'>iu</span> <span class='ocrx_word' id='word_1_52' title='bbox 1167 1078 1325 1125; x_wconf 88' lang='lat' dir='ltr'>commen-</span> 
     </span>
     <span class='ocr_line' id='line_1_8' title="bbox 133 1166 1324 1251; baseline 0 -17"><span class='ocrx_word' id='word_1_53' title='bbox 133 1167 236 1234; x_wconf 83' lang='lat' dir='ltr'>tario</span> <span class='ocrx_word' id='word_1_54' title='bbox 267 1171 452 1233; x_wconf 88' lang='lat' dir='ltr'>retractata</span> <span class='ocrx_word' id='word_1_55' title='bbox 481 1172 628 1251; x_wconf 84' lang='lat' dir='ltr'>exstant,</span> <span class='ocrx_word' id='word_1_56' title='bbox 658 1169 715 1233; x_wconf 90' lang='lat' dir='ltr'>sed</span> <span class='ocrx_word' id='word_1_57' title='bbox 744 1167 850 1233; x_wconf 89' lang='lat' dir='ltr'>omnia</span> <span class='ocrx_word' id='word_1_58' title='bbox 878 1167 1031 1234; x_wconf 77' lang='lat' dir='ltr'>Catonem</span> <span class='ocrx_word' id='word_1_59' title='bbox 1058 1166 1195 1250; x_wconf 87' lang='lat' dir='ltr'>politius</span> <span class='ocrx_word' id='word_1_60' title='bbox 1222 1167 1324 1234; x_wconf 85' lang='lat' dir='ltr'>fuisse</span> 
     </span>
     <span class='ocr_line' id='line_1_9' title="bbox 135 1272 1325 1359; baseline 0 -19"><span class='ocrx_word' id='word_1_61' title='bbox 135 1272 361 1341; x_wconf 88' lang='lat' dir='ltr'>conditurum.</span> <span class='ocrx_word' id='word_1_62' title='bbox 412 1272 640 1340; x_wconf 81' lang='lat' dir='ltr'>Observantur</span> <span class='ocrx_word' id='word_1_63' title='bbox 667 1292 747 1342; x_wconf 90' lang='lat' dir='ltr'>vero</span> <span class='ocrx_word' id='word_1_64' title='bbox 774 1273 919 1359; x_wconf 81' lang='lat' dir='ltr'>vestigia</span> <span class='ocrx_word' id='word_1_65' title='bbox 947 1274 1028 1341; x_wconf 89' lang='lat' dir='ltr'>talis</span> <span class='ocrx_word' id='word_1_66' title='bbox 1054 1273 1217 1356; x_wconf 87' lang='lat' dir='ltr'>politioris</span> <span class='ocrx_word' id='word_1_67' title='bbox 1244 1273 1325 1340; x_wconf 88' lang='lat' dir='ltr'>libri</span> 
     </span>
     <span class='ocr_line' id='line_1_10' title="bbox 134 1379 1324 1466; baseline -0.001 -18"><span class='ocrx_word' id='word_1_68' title='bbox 134 1383 185 1448; x_wconf 86' lang='lat' dir='ltr'>de</span> <span class='ocrx_word' id='word_1_69' title='bbox 211 1379 288 1465; x_wconf 84' lang='lat' dir='ltr'>agri</span> <span class='ocrx_word' id='word_1_70' title='bbox 311 1379 441 1447; x_wconf 88' lang='lat' dir='ltr'>cultura</span> <span class='ocrx_word' id='word_1_71' title='bbox 463 1379 585 1449; x_wconf 85' lang='lat' dir='ltr'>formae</span> <span class='ocrx_word' id='word_1_72' title='bbox 608 1381 645 1447; x_wconf 91' lang='lat' dir='ltr'>in</span> <span class='ocrx_word' id='word_1_73' title='bbox 668 1381 715 1448; x_wconf 89' lang='lat' dir='ltr'>eis</span> <span class='ocrx_word' id='word_1_74' title='bbox 738 1380 842 1448; x_wconf 90' lang='lat' dir='ltr'>Plinii</span> <span class='ocrx_word' id='word_1_75' title='bbox 865 1381 973 1464; x_wconf 90' lang='lat' dir='ltr'>operis</span> <span class='ocrx_word' id='word_1_76' title='bbox 995 1380 1159 1466; x_wconf 85' lang='lat' dir='ltr'>partibus,</span> <span class='ocrx_word' id='word_1_77' title='bbox 1185 1381 1243 1448; x_wconf 91' lang='lat' dir='ltr'>nbi</span> <span class='ocrx_word' id='word_1_78' title='bbox 1264 1401 1324 1464; x_wconf 91' lang='lat' dir='ltr'>per</span> 
     </span>
     <span class='ocr_line' id='line_1_11' title="bbox 135 1487 1322 1574; baseline 0.001 -20"><span class='ocrx_word' id='word_1_79' title='bbox 135 1487 278 1554; x_wconf 78' lang='lat' dir='ltr'>Celsum</span> <span class='ocrx_word' id='word_1_80' title='bbox 302 1487 483 1555; x_wconf 79' lang='lat' dir='ltr'>Catoniana</span> <span class='ocrx_word' id='word_1_81' title='bbox 505 1492 684 1572; x_wconf 84' lang='lat' dir='ltr'>praecepta</span> <span class='ocrx_word' id='word_1_82' title='bbox 710 1489 812 1554; x_wconf 85' lang='lat' dir='ltr'>habet</span> <span class='ocrx_word' id='word_1_83' title='bbox 838 1487 1013 1574; x_wconf 55' lang='lat' dir='ltr'>cognita).</span> <span class='ocrx_word' id='word_1_84' title='bbox 1059 1488 1189 1555; x_wconf 83' lang='lat' dir='ltr'>Celsum</span> <span class='ocrx_word' id='word_1_85' title='bbox 1214 1493 1322 1555; x_wconf 89' lang='lat' dir='ltr'>autem</span> 
     </span>
     <span class='ocr_line' id='line_1_12' title="bbox 133 1595 1323 1680; baseline -0.001 -18"><span class='ocrx_word' id='word_1_86' title='bbox 133 1613 205 1679; x_wconf 87' lang='lat' dir='ltr'>pro</span> <span class='ocrx_word' id='word_1_87' title='bbox 226 1613 285 1662; x_wconf 89' lang='lat' dir='ltr'>suo</span> <span class='ocrx_word' id='word_1_88' title='bbox 305 1596 446 1662; x_wconf 90' lang='lat' dir='ltr'>consilio</span> <span class='ocrx_word' id='word_1_89' title='bbox 465 1595 686 1663; x_wconf 89' lang='lat' dir='ltr'>conficiendae</span> <span class='ocrx_word' id='word_1_90' title='bbox 705 1596 993 1680; x_wconf 84' lang='lat' dir='ltr'>encyclopaediae‚</span> <span class='ocrx_word' id='word_1_91' title='bbox 1009 1615 1104 1678; x_wconf 86' lang='lat' dir='ltr'>quam</span> <span class='ocrx_word' id='word_1_92' title='bbox 1118 1615 1177 1663; x_wconf 87' lang='lat' dir='ltr'>uos</span> <span class='ocrx_word' id='word_1_93' title='bbox 1192 1597 1323 1678; x_wconf 88' lang='lat' dir='ltr'>quidem</span> 
     </span>
     <span class='ocr_line' id='line_1_13' title="bbox 132 1701 1324 1787; baseline 0.001 -20"><span class='ocrx_word' id='word_1_94' title='bbox 132 1721 310 1786; x_wconf 79' lang='lat' dir='ltr'>vocamus,</span> <span class='ocrx_word' id='word_1_95' title='bbox 334 1702 375 1768; x_wconf 91' lang='lat' dir='ltr'>ad</span> <span class='ocrx_word' id='word_1_96' title='bbox 400 1720 456 1769; x_wconf 88' lang='lat' dir='ltr'>eos</span> <span class='ocrx_word' id='word_1_97' title='bbox 478 1702 679 1785; x_wconf 87' lang='lat' dir='ltr'>potissimum</span> <span class='ocrx_word' id='word_1_98' title='bbox 701 1701 833 1769; x_wconf 81' lang='lat' dir='ltr'>Catonis</span> <span class='ocrx_word' id='word_1_99' title='bbox 855 1703 970 1787; x_wconf 87' lang='lat' dir='ltr'>libros,</span> <span class='ocrx_word' id='word_1_100' title='bbox 994 1720 1084 1787; x_wconf 86' lang='lat' dir='ltr'>quos,</span> <span class='ocrx_word' id='word_1_101' title='bbox 1107 1701 1177 1770; x_wconf 87' lang='lat' dir='ltr'>sive</span> <span class='ocrx_word' id='word_1_102' title='bbox 1190 1701 1324 1770; x_wconf 87' lang='lat' dir='ltr'>fuerunt</span> 
     </span>
     <span class='ocr_line' id='line_1_14' title="bbox 133 1809 1324 1894; baseline -0.003 -16"><span class='ocrx_word' id='word_1_103' title='bbox 133 1827 210 1878; x_wconf 89' lang='lat' dir='ltr'>uno</span> <span class='ocrx_word' id='word_1_104' title='bbox 241 1809 369 1876; x_wconf 90' lang='lat' dir='ltr'>nomine</span> <span class='ocrx_word' id='word_1_105' title='bbox 400 1809 624 1893; x_wconf 86' lang='lat' dir='ltr'>comprehensi</span> <span class='ocrx_word' id='word_1_106' title='bbox 654 1809 726 1879; x_wconf 89' lang='lat' dir='ltr'>sive</span> <span class='ocrx_word' id='word_1_107' title='bbox 755 1829 821 1877; x_wconf 93' lang='lat' dir='ltr'>non</span> <span class='ocrx_word' id='word_1_108' title='bbox 849 1809 996 1894; x_wconf 86' lang='lat' dir='ltr'>fuerunt,</span> <span class='ocrx_word' id='word_1_109' title='bbox 1028 1829 1100 1877; x_wconf 91' lang='lat' dir='ltr'>cum</span> <span class='ocrx_word' id='word_1_110' title='bbox 1129 1809 1194 1876; x_wconf 90' lang='lat' dir='ltr'>tali</span> <span class='ocrx_word' id='word_1_111' title='bbox 1224 1827 1324 1892; x_wconf 91' lang='lat' dir='ltr'>opere</span> 
     </span>
     <span class='ocr_line' id='line_1_15' title="bbox 134 1916 1322 2004; baseline -0.003 -18"><span class='ocrx_word' id='word_1_112' title='bbox 134 1936 338 2001; x_wconf 88' lang='lat' dir='ltr'>comparare</span> <span class='ocrx_word' id='word_1_113' title='bbox 352 1936 431 1985; x_wconf 91' lang='lat' dir='ltr'>saue</span> <span class='ocrx_word' id='word_1_114' title='bbox 444 1916 568 2004; x_wconf 60' lang='lat' dir='ltr'>dcccl),</span> <span class='ocrx_word' id='word_1_115' title='bbox 581 1936 616 1983; x_wconf 91' lang='lat' dir='ltr'>se</span> <span class='ocrx_word' id='word_1_116' title='bbox 630 1916 818 2000; x_wconf 80' lang='lat' dir='ltr'>applicasse</span> <span class='ocrx_word' id='word_1_117' title='bbox 832 1917 911 1983; x_wconf 87' lang='lat' dir='ltr'>mihi</span> <span class='ocrx_word' id='word_1_118' title='bbox 926 1918 1056 1999; x_wconf 88' lang='lat' dir='ltr'>quidem</span> <span class='ocrx_word' id='word_1_119' title='bbox 1071 1921 1322 1984; x_wconf 88' lang='lat' dir='ltr'>consentaneum</span> 
     </span>
     <span class='ocr_line' id='line_1_16' title="bbox 132 2023 1324 2109; baseline -0.001 -18"><span class='ocrx_word' id='word_1_120' title='bbox 132 2025 294 2092; x_wconf 84' lang='lat' dir='ltr'>videtur:</span> <span class='ocrx_word' id='word_1_121' title='bbox 321 2023 371 2090; x_wconf 90' lang='lat' dir='ltr'>ita</span> <span class='ocrx_word' id='word_1_122' title='bbox 392 2024 546 2092; x_wconf 90' lang='lat' dir='ltr'>reicimur</span> <span class='ocrx_word' id='word_1_123' title='bbox 569 2025 611 2090; x_wconf 91' lang='grc'>11</span> <span class='ocrx_word' id='word_1_124' title='bbox 635 2024 740 2091; x_wconf 92' lang='lat' dir='ltr'>libros</span> <span class='ocrx_word' id='word_1_125' title='bbox 762 2024 848 2109; x_wconf 92' lang='lat' dir='ltr'>illos,</span> <span class='ocrx_word' id='word_1_126' title='bbox 872 2043 952 2107; x_wconf 88' lang='lat' dir='ltr'>quos</span> <span class='ocrx_word' id='word_1_127' title='bbox 975 2024 1131 2091; x_wconf 83' lang='lat' dir='ltr'>Catonem</span> <span class='ocrx_word' id='word_1_128' title='bbox 1155 2025 1197 2091; x_wconf 90' lang='lat' dir='ltr'>ad</span> <span class='ocrx_word' id='word_1_129' title='bbox 1220 2023 1324 2090; x_wconf 92' lang='lat' dir='ltr'>filiurn</span> 
     </span>
     <span class='ocr_line' id='line_1_17' title="bbox 134 2128 1323 2214; baseline -0.004 -13"><span class='ocrx_word' id='word_1_130' title='bbox 134 2130 317 2214; x_wconf 76' lang='lat' dir='ltr'>scripsisse</span> <span class='ocrx_word' id='word_1_131' title='bbox 346 2130 473 2198; x_wconf 89' lang='lat' dir='ltr'>scimus.</span> <span class='ocrx_word' id='word_1_132' title='bbox 519 2130 573 2197; x_wconf 81' lang='lat' dir='ltr'>Ex</span> <span class='ocrx_word' id='word_1_133' title='bbox 600 2128 717 2213; x_wconf 89' lang='lat' dir='ltr'>quibus</span> <span class='ocrx_word' id='word_1_134' title='bbox 744 2130 774 2198; x_wconf 91' lang='lat' dir='ltr'>si</span> <span class='ocrx_word' id='word_1_135' title='bbox 802 2130 1044 2198; x_wconf 83' lang='lat' dir='ltr'>consideramus</span> <span class='ocrx_word' id='word_1_136' title='bbox 1071 2150 1169 2198; x_wconf 92' lang='lat' dir='ltr'>unum</span> <span class='ocrx_word' id='word_1_137' title='bbox 1197 2149 1323 2213; x_wconf 87' lang='lat' dir='ltr'>quoque</span> 
     </span>
     <span class='ocr_line' id='line_1_18' title="bbox 133 2237 1323 2323; baseline -0.002 -17"><span class='ocrx_word' id='word_1_138' title='bbox 133 2239 259 2322; x_wconf 86' lang='lat' dir='ltr'>fuisse,</span> <span class='ocrx_word' id='word_1_139' title='bbox 278 2237 311 2304; x_wconf 92' lang='grc'>11</span> <span class='ocrx_word' id='word_1_140' title='bbox 331 2257 393 2320; x_wconf 89' lang='lat' dir='ltr'>quo</span> <span class='ocrx_word' id='word_1_141' title='bbox 408 2237 633 2322; x_wconf 82' lang='lat' dir='ltr'>agriculturae</span> <span class='ocrx_word' id='word_1_142' title='bbox 646 2244 825 2321; x_wconf 85' lang='lat' dir='ltr'>praecepta</span> <span class='ocrx_word' id='word_1_143' title='bbox 839 2241 998 2323; x_wconf 83' lang='lat' dir='ltr'>traderet,</span> <span class='ocrx_word' id='word_1_144' title='bbox 1015 2238 1103 2305; x_wconf 88' lang='lat' dir='ltr'>hand</span> <span class='ocrx_word' id='word_1_145' title='bbox 1117 2238 1166 2304; x_wconf 87' lang='lat' dir='ltr'>ita</span> <span class='ocrx_word' id='word_1_146' title='bbox 1180 2238 1323 2305; x_wconf 91' lang='lat' dir='ltr'>alienum</span> 
     </span>
     <span class='ocr_line' id='line_1_19' title="bbox 134 2344 1324 2427; baseline -0.002 -14"><span class='ocrx_word' id='word_1_147' title='bbox 134 2347 230 2413; x_wconf 89' lang='lat' dir='ltr'>duco</span> <span class='ocrx_word' id='word_1_148' title='bbox 255 2364 275 2410; x_wconf 90' lang='lat' dir='ltr'>a</span> <span class='ocrx_word' id='word_1_149' title='bbox 297 2345 428 2412; x_wconf 90' lang='lat' dir='ltr'>ratione</span> <span class='ocrx_word' id='word_1_150' title='bbox 450 2350 596 2412; x_wconf 85' lang='lat' dir='ltr'>statuere</span> <span class='ocrx_word' id='word_1_151' title='bbox 620 2364 703 2427; x_wconf 88' lang='lat' dir='ltr'>quae</span> <span class='ocrx_word' id='word_1_152' title='bbox 726 2365 784 2412; x_wconf 91' lang='lat' dir='ltr'>uos</span> <span class='ocrx_word' id='word_1_153' title='bbox 805 2345 935 2427; x_wconf 89' lang='lat' dir='ltr'>quidem</span> <span class='ocrx_word' id='word_1_154' title='bbox 954 2346 1110 2412; x_wconf 88' lang='lat' dir='ltr'>habemus</span> <span class='ocrx_word' id='word_1_155' title='bbox 1128 2344 1210 2411; x_wconf 94' lang='lat' dir='ltr'>nihil</span> <span class='ocrx_word' id='word_1_156' title='bbox 1230 2344 1324 2411; x_wconf 88' lang='lat' dir='ltr'>aliud</span> 
     </span>
     <span class='ocr_line' id='line_1_20' title="bbox 135 2451 1324 2536; baseline -0.003 -14"><span class='ocrx_word' id='word_1_157' title='bbox 135 2472 217 2522; x_wconf 89' lang='lat' dir='ltr'>esse</span> <span class='ocrx_word' id='word_1_158' title='bbox 250 2451 314 2518; x_wconf 89' lang='lat' dir='ltr'>nisi</span> <span class='ocrx_word' id='word_1_159' title='bbox 346 2471 429 2533; x_wconf 91' lang='lat' dir='ltr'>quae</span> <span class='ocrx_word' id='word_1_160' title='bbox 461 2451 567 2536; x_wconf 88' lang='lat' dir='ltr'>prima</span> <span class='ocrx_word' id='word_1_161' title='bbox 597 2452 657 2518; x_wconf 90' lang='lat' dir='ltr'>ille</span> <span class='ocrx_word' id='word_1_162' title='bbox 689 2452 780 2519; x_wconf 92' lang='lat' dir='ltr'>illius</span> <span class='ocrx_word' id='word_1_163' title='bbox 810 2452 887 2520; x_wconf 90' lang='lat' dir='ltr'>libri</span> <span class='ocrx_word' id='word_1_164' title='bbox 917 2452 960 2519; x_wconf 89' lang='grc'>11</span> <span class='ocrx_word' id='word_1_165' title='bbox 989 2451 1097 2518; x_wconf 88' lang='lat' dir='ltr'>filium</span> <span class='ocrx_word' id='word_1_166' title='bbox 1126 2457 1324 2520; x_wconf 85' lang='lat' dir='ltr'>exaraverat</span> 
     </span>
     <span class='ocr_line' id='line_1_21' title="bbox 133 2558 1323 2640; baseline -0.003 -12"><span class='ocrx_word' id='word_1_167' title='bbox 133 2560 355 2628; x_wconf 88' lang='lat' dir='ltr'>lineamenta.</span> <span class='ocrx_word' id='word_1_168' title='bbox 401 2558 596 2640; x_wconf 75' lang='lat' dir='ltr'>ceteroquin</span> <span class='ocrx_word' id='word_1_169' title='bbox 623 2558 744 2626; x_wconf 90' lang='lat' dir='ltr'>librum</span> <span class='ocrx_word' id='word_1_170' title='bbox 768 2558 811 2626; x_wconf 94' lang='lat' dir='ltr'>ad</span> <span class='ocrx_word' id='word_1_171' title='bbox 833 2559 937 2626; x_wconf 91' lang='lat' dir='ltr'>filium</span> <span class='ocrx_word' id='word_1_172' title='bbox 960 2579 981 2626; x_wconf 94' lang='lat' dir='ltr'>a</span> <span class='ocrx_word' id='word_1_173' title='bbox 1003 2559 1101 2626; x_wconf 81' lang='lat' dir='ltr'>Celso</span> <span class='ocrx_word' id='word_1_174' title='bbox 1124 2558 1323 2640; x_wconf 85' lang='lat' dir='ltr'>exscriptum</span> 
     </span>
     <span class='ocr_line' id='line_1_22' title="bbox 135 2664 1324 2754; baseline -0.004 -18"><span class='ocrx_word' id='word_1_175' title='bbox 135 2686 218 2736; x_wconf 83' lang='lat' dir='ltr'>asse</span> <span class='ocrx_word' id='word_1_176' title='bbox 246 2666 312 2733; x_wconf 91' lang='lat' dir='ltr'>iam</span> <span class='ocrx_word' id='word_1_177' title='bbox 339 2667 495 2733; x_wconf 86' lang='lat' dir='ltr'>Mueuzer</span> <span class='ocrx_word' id='word_1_178' title='bbox 522 2666 707 2748; x_wconf 90' lang='lat' dir='ltr'>suspicatus</span> <span class='ocrx_word' id='word_1_179' title='bbox 735 2664 832 2754; x_wconf 76' lang='lat' dir='ltr'>est⁸)‚</span> <span class='ocrx_word' id='word_1_180' title='bbox 861 2667 917 2749; x_wconf 89' lang='lat' dir='ltr'>qui</span> <span class='ocrx_word' id='word_1_181' title='bbox 945 2685 983 2733; x_wconf 90' lang='lat' dir='ltr'>eo</span> <span class='ocrx_word' id='word_1_182' title='bbox 1012 2685 1080 2734; x_wconf 89' lang='lat' dir='ltr'>rem</span> <span class='ocrx_word' id='word_1_183' title='bbox 1106 2664 1324 2749; x_wconf 82' lang='lat' dir='ltr'>perturbavit,</span> 
     </span>
     <span class='ocr_line' id='line_1_23' title="bbox 135 2771 1323 2860; baseline -0.003 -18"><span class='ocrx_word' id='word_1_184' title='bbox 135 2774 225 2858; x_wconf 84' lang='lat' dir='ltr'>quia</span> <span class='ocrx_word' id='word_1_185' title='bbox 253 2792 319 2842; x_wconf 93' lang='lat' dir='ltr'>non</span> <span class='ocrx_word' id='word_1_186' title='bbox 346 2776 449 2841; x_wconf 88' lang='lat' dir='ltr'>semel</span> <span class='ocrx_word' id='word_1_187' title='bbox 475 2773 597 2840; x_wconf 90' lang='lat' dir='ltr'>librum</span> <span class='ocrx_word' id='word_1_188' title='bbox 626 2776 669 2841; x_wconf 90' lang='grc'>11</span> <span class='ocrx_word' id='word_1_189' title='bbox 695 2773 798 2841; x_wconf 89' lang='lat' dir='ltr'>filium</span> <span class='ocrx_word' id='word_1_190' title='bbox 826 2775 868 2842; x_wconf 92' lang='lat' dir='ltr'>ab</span> <span class='ocrx_word' id='word_1_191' title='bbox 897 2793 949 2860; x_wconf 91' lang='grc' dir='ltr'>1ο,</span> <span class='ocrx_word' id='word_1_192' title='bbox 978 2773 1035 2855; x_wconf 89' lang='lat' dir='ltr'>qui</span> <span class='ocrx_word' id='word_1_193' title='bbox 1062 2777 1206 2840; x_wconf 86' lang='lat' dir='ltr'>aetatem</span> <span class='ocrx_word' id='word_1_194' title='bbox 1233 2771 1323 2859; x_wconf 89' lang='lat' dir='ltr'>tulit,</span> 
     </span>
     <span class='ocr_line' id='line_1_24' title="bbox 135 2879 1323 2967; baseline -0.003 -18"><span class='ocrx_word' id='word_1_195' title='bbox 135 2884 247 2966; x_wconf 86' lang='lat' dir='ltr'>longe</span> <span class='ocrx_word' id='word_1_196' title='bbox 269 2881 438 2948; x_wconf 86' lang='lat' dir='ltr'>diversum</span> <span class='ocrx_word' id='word_1_197' title='bbox 460 2879 561 2948; x_wconf 83' lang='lat' dir='ltr'>fuisse</span> <span class='ocrx_word' id='word_1_198' title='bbox 583 2879 856 2967; x_wconf 64' lang='grc'>1111111111114),</span> <span class='ocrx_word' id='word_1_199' title='bbox 885 2901 956 2949; x_wconf 92' lang='lat' dir='ltr'>cum</span> <span class='ocrx_word' id='word_1_200' title='bbox 980 2881 1098 2963; x_wconf 86' lang='lat' dir='ltr'>quibus</span> <span class='ocrx_word' id='word_1_201' title='bbox 1120 2880 1174 2947; x_wconf 91' lang='lat' dir='ltr'>hic</span> <span class='ocrx_word' id='word_1_202' title='bbox 1197 2882 1238 2947; x_wconf 93' lang='lat' dir='ltr'>ab</span> <span class='ocrx_word' id='word_1_203' title='bbox 1261 2880 1323 2947; x_wconf 86' lang='lat' dir='ltr'>illo</span> 
     </span>
     <span class='ocr_line' id='line_1_25' title="bbox 135 2987 1324 3072; baseline -0.003 -15"><span class='ocrx_word' id='word_1_204' title='bbox 135 2988 279 3057; x_wconf 86' lang='lat' dir='ltr'>differre</span> <span class='ocrx_word' id='word_1_205' title='bbox 293 2988 401 3071; x_wconf 88' lang='lat' dir='ltr'>potuit</span> <span class='ocrx_word' id='word_1_206' title='bbox 414 2988 449 3053; x_wconf 91' lang='lat' dir='ltr'>in</span> <span class='ocrx_word' id='word_1_207' title='bbox 463 2988 533 3054; x_wconf 89' lang='lat' dir='ltr'>sola</span> <span class='ocrx_word' id='word_1_208' title='bbox 548 2987 654 3055; x_wconf 89' lang='lat' dir='ltr'>forma</span> <span class='ocrx_word' id='word_1_209' title='bbox 668 3007 707 3055; x_wconf 91' lang='lat' dir='ltr'>ac</span> <span class='ocrx_word' id='word_1_210' title='bbox 720 2989 896 3072; x_wconf 87' lang='lat' dir='ltr'>praecipue</span> <span class='ocrx_word' id='word_1_211' title='bbox 908 2989 944 3055; x_wconf 91' lang='lat' dir='ltr'>iu</span> <span class='ocrx_word' id='word_1_212' title='bbox 956 2988 1156 3056; x_wconf 90' lang='lat' dir='ltr'>ornamentis</span> <span class='ocrx_word' id='word_1_213' title='bbox 1165 2987 1324 3055; x_wconf 89' lang='lat' dir='ltr'>orationis</span> 
     </span>
    </p>
   </div>
   <div class='ocr_carea' id='block_1_3' title="bbox 132 3094 1324 3612">
    <p class='ocr_par' dir='ltr' id='par_1_4' title="bbox 132 3094 731 3182">
     <span class='ocr_line' id='line_1_26' title="bbox 132 3094 731 3182; baseline 0 -20"><span class='ocrx_word' id='word_1_214' title='bbox 132 3095 274 3165; x_wconf 81' lang='lat' dir='ltr'>versari</span> <span class='ocrx_word' id='word_1_215' title='bbox 296 3094 367 3177; x_wconf 87' lang='lat' dir='ltr'>ipse</span> <span class='ocrx_word' id='word_1_216' title='bbox 389 3094 513 3162; x_wconf 88' lang='lat' dir='ltr'>sentire</span> <span class='ocrx_word' id='word_1_217' title='bbox 536 3094 731 3182; x_wconf 63' lang='lat' dir='ltr'>videaturl).</span> 
     </span>
    </p>

    <p class='ocr_par' dir='ltr' id='par_1_5' title="bbox 132 3202 1324 3612">
     <span class='ocr_line' id='line_1_27' title="bbox 234 3202 1323 3286; baseline -0.001 -17"><span class='ocrx_word' id='word_1_218' title='bbox 234 3203 304 3269; x_wconf 89' lang='lat' dir='ltr'>Nec</span> <span class='ocrx_word' id='word_1_219' title='bbox 331 3221 411 3270; x_wconf 87' lang='lat' dir='ltr'>vero</span> <span class='ocrx_word' id='word_1_220' title='bbox 440 3202 541 3268; x_wconf 89' lang='lat' dir='ltr'>aliter</span> <span class='ocrx_word' id='word_1_221' title='bbox 563 3207 642 3286; x_wconf 92' lang='lat' dir='ltr'>puto</span> <span class='ocrx_word' id='word_1_222' title='bbox 665 3204 707 3269; x_wconf 90' lang='lat' dir='ltr'>de</span> <span class='ocrx_word' id='word_1_223' title='bbox 730 3202 778 3270; x_wconf 89' lang='lat' dir='ltr'>eis</span> <span class='ocrx_word' id='word_1_224' title='bbox 802 3203 935 3270; x_wconf 80' lang='lat' dir='ltr'>Catonis</span> <span class='ocrx_word' id='word_1_225' title='bbox 958 3202 1091 3286; x_wconf 88' lang='lat' dir='ltr'>scriptis</span> <span class='ocrx_word' id='word_1_226' title='bbox 1113 3202 1323 3269; x_wconf 88' lang='lat' dir='ltr'>iudicandum</span> 
     </span>
     <span class='ocr_line' id='line_1_28' title="bbox 135 3309 1322 3396; baseline -0.004 -15"><span class='ocrx_word' id='word_1_227' title='bbox 135 3331 226 3396; x_wconf 86' lang='lat' dir='ltr'>esse,</span> <span class='ocrx_word' id='word_1_228' title='bbox 251 3329 336 3392; x_wconf 89' lang='lat' dir='ltr'>quae</span> <span class='ocrx_word' id='word_1_229' title='bbox 358 3312 401 3384; x_wconf 88' lang='grc'>11</span> <span class='ocrx_word' id='word_1_230' title='bbox 420 3309 613 3378; x_wconf 88' lang='lat' dir='ltr'>medicinam</span> <span class='ocrx_word' id='word_1_231' title='bbox 632 3315 797 3394; x_wconf 89' lang='lat' dir='ltr'>spectaut;</span> <span class='ocrx_word' id='word_1_232' title='bbox 820 3311 955 3377; x_wconf 88' lang='lat' dir='ltr'>disertis</span> <span class='ocrx_word' id='word_1_233' title='bbox 973 3311 1088 3377; x_wconf 86' lang='lat' dir='ltr'>verbis</span> <span class='ocrx_word' id='word_1_234' title='bbox 1107 3309 1237 3377; x_wconf 88' lang='lat' dir='ltr'>Plinius</span> <span class='ocrx_word' id='word_1_235' title='bbox 1255 3315 1322 3377; x_wconf 91' lang='lat' dir='ltr'>nat.</span> 
     </span>
     <span class='ocr_line' id='line_1_29' title="bbox 132 3417 1324 3502; baseline -0.005 -14"><span class='ocrx_word' id='word_1_236' title='bbox 132 3421 221 3488; x_wconf 90' lang='lat' dir='ltr'>hist.</span> <span class='ocrx_word' id='word_1_237' title='bbox 246 3417 366 3484; x_wconf 88' lang='lat' dir='ltr'>XXIX</span> <span class='ocrx_word' id='word_1_238' title='bbox 382 3419 422 3484; x_wconf 84' lang='lat'>15</span> <span class='ocrx_word' id='word_1_239' title='bbox 451 3418 715 3485; x_wconf 88' lang='lat' dir='ltr'>commentarium</span> <span class='ocrx_word' id='word_1_240' title='bbox 738 3418 875 3485; x_wconf 80' lang='lat' dir='ltr'>Catonis</span> <span class='ocrx_word' id='word_1_241' title='bbox 902 3437 938 3484; x_wconf 90' lang='grc'>11</span> <span class='ocrx_word' id='word_1_242' title='bbox 963 3418 1086 3485; x_wconf 88' lang='lat' dir='ltr'>habere</span> <span class='ocrx_word' id='word_1_243' title='bbox 1110 3417 1206 3502; x_wconf 87' lang='lat' dir='ltr'>dicit,</span> <span class='ocrx_word' id='word_1_244' title='bbox 1229 3435 1324 3499; x_wconf 88' lang='lat' dir='ltr'>quem</span> 
     </span>
     <span class='ocr_line' id='line_1_30' title="bbox 132 3523 1323 3612; baseline -0.005 -17"><span class='ocrx_word' id='word_1_245' title='bbox 132 3529 210 3612; x_wconf 82' lang='lat' dir='ltr'>‘per</span> <span class='ocrx_word' id='word_1_246' title='bbox 239 3543 363 3610; x_wconf 84' lang='lat' dir='ltr'>genera</span> <span class='ocrx_word' id='word_1_247' title='bbox 391 3544 467 3592; x_wconf 90' lang='lat' dir='ltr'>usus</span> <span class='ocrx_word' id='word_1_248' title='bbox 496 3526 554 3592; x_wconf 87' lang='lat' dir='ltr'>sui’</span> <span class='ocrx_word' id='word_1_249' title='bbox 582 3525 735 3611; x_wconf 85' lang='lat' dir='ltr'>digerere</span> <span class='ocrx_word' id='word_1_250' title='bbox 763 3525 871 3593; x_wconf 90' lang='lat' dir='ltr'>adhuc</span> <span class='ocrx_word' id='word_1_251' title='bbox 893 3543 1028 3592; x_wconf 88' lang='lat' dir='ltr'>necesse</span> <span class='ocrx_word' id='word_1_252' title='bbox 1051 3524 1107 3607; x_wconf 82' lang='lat' dir='ltr'>sit3</span> <span class='ocrx_word' id='word_1_253' title='bbox 1136 3525 1223 3607; x_wconf 87' lang='lat' dir='ltr'>quod</span> <span class='ocrx_word' id='word_1_254' title='bbox 1244 3523 1323 3590; x_wconf 90' lang='lat' dir='ltr'>mihi</span> 
     </span>
    </p>
   </div>
   <div class='ocr_carea' id='block_1_4' title="bbox 136 3671 363 3684">
    <p class='ocr_par' dir='ltr' id='par_1_6' title="bbox 136 3671 363 3684">
     <span class='ocr_line' id='line_1_31' title="bbox 136 3671 363 3684; baseline -0.022 0"><span class='ocrx_word' id='word_1_255' title='bbox 136 3671 363 3684; x_wconf 46' lang='grc' dir='ltr'>...μ-*-</span> 
     </span>
    </p>
   </div>
   <div class='ocr_carea' id='block_1_5' title="bbox 128 3737 1322 4258">
    <p class='ocr_par' dir='ltr' id='par_1_7' title="bbox 128 3737 1322 4258">
     <span class='ocr_line' id='line_1_32' title="bbox 232 3737 739 3810; baseline -0.002 -16"><span class='ocrx_word' id='word_1_256' title='bbox 232 3738 256 3810; x_wconf 88' lang='lat'>¹)</span> <span class='ocrx_word' id='word_1_257' title='bbox 274 3737 471 3794; x_wconf 81' lang='lat' dir='ltr'>Reitzenstein.</span> <span class='ocrx_word' id='word_1_258' title='bbox 485 3737 503 3794; x_wconf 93' lang='lat' dir='ltr'>l.</span> <span class='ocrx_word' id='word_1_259' title='bbox 517 3756 539 3794; x_wconf 88' lang='lat' dir='ltr'>s.</span> <span class='ocrx_word' id='word_1_260' title='bbox 554 3757 574 3795; x_wconf 90' lang='lat' dir='ltr'>s.</span> <span class='ocrx_word' id='word_1_261' title='bbox 590 3738 739 3794; x_wconf 85' lang='lat'>591-593.</span> 
     </span>
     <span class='ocr_line' id='line_1_33' title="bbox 233 3825 1322 3899; baseline -0.002 -17"><span class='ocrx_word' id='word_1_262' title='bbox 233 3827 310 3899; x_wconf 73' lang='lat' dir='ltr'>⁸)cf.</span> <span class='ocrx_word' id='word_1_263' title='bbox 333 3828 420 3896; x_wconf 88' lang='lat' dir='ltr'>Jahn,</span> <span class='ocrx_word' id='word_1_264' title='bbox 444 3829 505 3884; x_wconf 90' lang='lat' dir='ltr'>Ber.</span> <span class='ocrx_word' id='word_1_265' title='bbox 529 3829 555 3885; x_wconf 91' lang='grc'>1.</span> <span class='ocrx_word' id='word_1_266' title='bbox 579 3829 683 3884; x_wconf 88' lang='grc'>1111111,</span> <span class='ocrx_word' id='word_1_267' title='bbox 709 3827 770 3884; x_wconf 80' lang='lat' dir='ltr'>Ges.</span> <span class='ocrx_word' id='word_1_268' title='bbox 794 3828 820 3883; x_wconf 89' lang='lat' dir='ltr'>d.</span> <span class='ocrx_word' id='word_1_269' title='bbox 840 3826 938 3895; x_wconf 86' lang='lat' dir='ltr'>Wiss.,</span> <span class='ocrx_word' id='word_1_270' title='bbox 960 3825 1142 3897; x_wconf 79' lang='lat' dir='ltr'>philol-hist.</span> <span class='ocrx_word' id='word_1_271' title='bbox 1167 3826 1220 3893; x_wconf 82' lang='lat' dir='ltr'>CL,</span> <span class='ocrx_word' id='word_1_272' title='bbox 1245 3825 1322 3892; x_wconf 79' lang='lat'>1850,</span> 
     </span>
     <span class='ocr_line' id='line_1_34' title="bbox 172 3920 191 3951; baseline 0 0"><span class='ocrx_word' id='word_1_273' title='bbox 172 3920 191 3951; x_wconf 83' lang='grc'><strong>0</strong></span> 
     </span>
     <span class='ocr_line' id='line_1_35' title="bbox 128 3917 705 4078; baseline 0.002 -16"><span class='ocrx_word' id='word_1_274' title='bbox 128 3922 192 3977; x_wconf 54' lang='lat'>27⁰</span> <span class='ocrx_word' id='word_1_275' title='bbox 205 3935 260 4078; x_wconf 48' lang='grc' dir='ltr'>εἳ),</span> <span class='ocrx_word' id='word_1_276' title='bbox 274 3917 397 4075; x_wconf 57' lang='grc' dir='ltr'>121ἳ111111,</span> <span class='ocrx_word' id='word_1_277' title='bbox 415 4006 501 4062; x_wconf 86' lang='lat' dir='ltr'>Beitr.</span> <span class='ocrx_word' id='word_1_278' title='bbox 520 4008 643 4077; x_wconf 65' lang='grc'>111161,</span> <span class='ocrx_word' id='word_1_279' title='bbox 663 4008 705 4063; x_wconf 86' lang='lat'>65.</span> 
     </span>
     <span class='ocr_line' id='line_1_36' title="bbox 231 4096 756 4168; baseline -0.002 -17"><span class='ocrx_word' id='word_1_280' title='bbox 231 4096 255 4168; x_wconf 88' lang='lat'>⁴)</span> <span class='ocrx_word' id='word_1_281' title='bbox 274 4096 396 4162; x_wconf 81' lang='grc'>1111111,</span> <span class='ocrx_word' id='word_1_282' title='bbox 415 4096 501 4152; x_wconf 76' lang='lat' dir='ltr'>Boiu.</span> <span class='ocrx_word' id='word_1_283' title='bbox 520 4113 585 4167; x_wconf 78' lang='lat' dir='ltr'>pag.</span> <span class='ocrx_word' id='word_1_284' title='bbox 600 4096 756 4165; x_wconf 68' lang='grc'>516115.</span> 
     </span>
     <span class='ocr_line' id='line_1_37' title="bbox 231 4185 641 4258; baseline 0.002 -18"><span class='ocrx_word' id='word_1_285' title='bbox 231 4187 254 4258; x_wconf 65' lang='grc' dir='ltr'>ὓ)</span> <span class='ocrx_word' id='word_1_286' title='bbox 273 4186 396 4253; x_wconf 75' lang='lat' dir='ltr'>Miscet,</span> <span class='ocrx_word' id='word_1_287' title='bbox 415 4185 500 4241; x_wconf 88' lang='lat' dir='ltr'>Beitr.</span> <span class='ocrx_word' id='word_1_288' title='bbox 520 4202 584 4256; x_wconf 79' lang='lat' dir='ltr'>pag.</span> <span class='ocrx_word' id='word_1_289' title='bbox 598 4186 641 4242; x_wconf 84' lang='lat'>56.</span> 
     </span>
    </p>
   </div>
   <div class='ocr_carea' id='block_1_6' title="bbox 0 0 1471 4808">
    <p class='ocr_par' dir='ltr' id='par_1_8' title="bbox 0 0 1471 4808">
     <span class='ocr_line' id='line_1_38' title="bbox 0 0 1471 4808; baseline 0 0"><span class='ocrx_word' id='word_1_290' title='bbox 0 0 1471 4808; x_wconf 95' lang='lat' dir='ltr'> </span> 
     </span>
    </p>
   </div>
  </div>
 </body>
</html>
