2932 4808
550 352 774 420 -19..

68 546 166 623 parte
179 560 287 608 ramos
302 540 446 611 eiusdem
499 547 671 631 πλήρωσον
693 550 730 614 τὰ
753 553 939 636 τρυπήματα
962 557 1174 640 ἑκατέρωθεν,
1205 562 1251 632 ὥς

68 649 308 734 magnitudinis
347 651 445 719 tolles
500 655 542 724 εἰς
560 654 595 719 τὸ
615 658 715 739 πέραν
734 658 866 723 διελθεῖν
884 661 1094 749 ἀμφοτέρους,
1113 666 1168 730 καί
1185 668 1249 731 ἐπι-

68 762 102 824 et
117 757 233 825 straete
249 756 283 823 in
298 757 444 825 foramen
498 761 675 845 λαβόμενος
688 765 826 847 ἰσχυρῶς
836 767 944 833 ὀίελκε.
954 770 1029 834 ὅταν
1039 771 1074 835 ab
1088 775 1249 859 σφηνωιίῇ

67 870 241 946 utrumque
301 865 443 933 conicias
498 869 533 942 ἒξ
550 869 743 953 ἀμφοτέρων
761 873 781 955 ἡ
801 873 863 957 ὀπὴ
883 876 918 949 ἐξ
936 878 1005 941 ἴσον
1022 878 1248 957 ἑλκοσθέντων,

66 973 124 1040 vel
143 971 287 1054 lapidem
299 974 354 1041 vel
371 972 442 1057 'pini
497 976 606 1057 ἔκτεμε
619 977 673 1049 τὰς
687 980 886 1062 ἑκατέρωθεν
899 985 1067 1068 ὑπεροχάς,
1083 988 1137 1050 καὶ
1154 990 1248 1071 πηλῷ

66 1079 121 1147 vel
144 1079 258 1161 querci
286 1081 379 1162 palos
408 1086 442 1148 ot
501 1091 546 1166 τῷ
566 1085 601 1148 δι’
618 1085 749 1168 ἀχύρων
766 1089 956 1171 περίιτλασον
969 1091 1024 1162 τὰς
1042 1093 1131 1165 ὀπτάς.
1161 1096 1246 1159 5...

66 1186 196 1254 absciso
217 1206 265 1269 eo,
289 1190 375 1270 quod
389 1208 442 1255 su·
496 1191 583 1257 o...
604 1192 654 1255 ὀεῖ
678 1193 713 1256 δὲ
740 1195 910 1278 λαμβάνειν
938 1197 1010 1270 τοὺς
1036 1200 1162 1271 κλῶνας
1182 1201 1246 1265 ἀπὸ

11 1354 20 1383 ρ
64 1294 207 1378 parabit,
220 1296 292 1360 luto
306 1297 440 1377 paleato
495 1302 560 1362 τῶν
577 1300 688 1363 νοτίων
705 1306 816 1383 μερῶν
833 1308 889 1366 τοῦ
909 1303 1051 1387 δένδρου.
1095 1307 1192 1379 7τὰς
1211 1309 1246 1373 δὲ

11 1422 21 1481 2
65 1401 197 1470 durabis
212 1403 368 1469 occulere.
382 1405 440 1469 sed
495 1405 714 1487 ὑλομανοιίσας
723 1413 787 1471 τῶν
797 1408 918 1484 ἐλαιῶν,
932 1415 1065 1477 τουτέστι
1078 1413 1133 1484 τὰς
1145 1416 1245 1480 πολλὰ

11 1500 20 1617 Ξ
64 1508 97 1576 al
125 1507 197 1576 sino
223 1508 319 1594 fruge
348 1510 441 1577 luxu-
494 1512 553 1594 μὲν
571 1512 674 1595 φύλλα
692 1515 861 1597 φερούσας,
884 1517 1033 1599 ὀλίγιστον
1055 1520 1089 1584 δὲ
1110 1522 1244 1604 καρπόν,

11 1620 19 1661 ²
63 1616 162 1701 riano,
182 1616 317 1684 oleastri
331 1617 439 1699 palum
493 1619 699 1703 θεραπεύσεις
715 1622 830 1692 οὕτως·
847 1624 1009 1690 πάσσαλον
1027 1627 1070 1697 είς
1089 1626 1143 1699 τὰς
1157 1631 1244 1711 ῥίζας

63 1722 231 1791 radicibus
247 1724 317 1790 eius
330 1724 438 1809 infige.
493 1727 636 1810 ἐμπήξας
657 1727 761 1799 ἐλαίας
781 1730 899 1812 ἀγρίας,
923 1733 1077 1814 batavos,
1101 1734 1243 1817 ἢὸρνός,

11 1824 16 1861 ’·
74 1826 77 1830 ’
492 1833 632 1916 allow.

11 1994 16 2065 {³
61 2024 250 2094 Addam'et
272 2027 354 2094 illud
378 2027 478 2095 etiam
502 2027 536 2094 in
559 2029 747 2114 geoponicis
770 2031 874 2098 verba
893 2033 925 2116 ’ἢ
948 2036 1064 2110 πίτυος,
1088 2040 1108 2120 ἢ
1133 2038 1239 2121 ὄρεός,

61 2137 202 2220 Μαίον’
226 2135 331 2218 magis
354 2153 412 2201 suo
436 2137 510 2202 loco
535 2141 675 2219 exstare,
699 2154 795 2217 quam
819 2139 905 2219 apud
929 2138 1131 2226 Palladium,
1155 2147 1240 2226 quod

10 2258 17 2337 j
60 2244 125 2311 iam
150 2241 290 2309 Gesneri
313 2247 347 2307 et
369 2241 563 2309 Schneideri
590 2241 626 2309 in
648 2242 848 2310 editionibus
871 2244 938 2311 suis
962 2247 1236 2335 observaverunt3

10 2384 14 2447 ἰ
61 2351 100 2418 cf.
128 2350 227 2417 etiam
254 2348 375 2416 Nicias.
402 2350 446 2415 ad
477 2367 571 2433 geop.
598 2368 673 2432 pag.
695 2351 769 2418 595.
823 2350 929 2419 Aliud
961 2360 1074 2441 caput,
1106 2356 1141 2423 in
1174 2378 1237 2439 quo
1346 2370 1350 2377 ’

10 2454 14 2487 ³
59 2457 232 2525 Palladius
245 2455 413 2522 meliorem
431 2459 560 2523 textum
578 2475 673 2538 quam
693 2455 874 2541 geoponica
887 2460 1044 2546 servavit,
1063 2465 1239 2548 exscripsit

10 2544 13 2641 s
41 2545 43 2553 ¹
60 2564 189 2633 Gemoll
212 2564 233 2631 l.
248 2583 272 2631 s.
286 2582 312 2630 s.
326 2583 400 2647 pag.
416 2564 489 2646 ὃσα.

148 2673 208 2753 At,
236 2671 359 2737 dixerit
386 2670 469 2755 quis,
498 2689 606 2737 nonne
633 2670 804 2738 Palladius
833 2670 968 2740 disertis
997 2676 1111 2743 verbis
1141 2677 1237 2758 ‘quod

10 2798 12 2851 ι
58 2780 241 2849 Columella
264 2779 356 2844 dicit’
378 2777 413 2845 in
435 2776 530 2845 initio
554 2777 673 2860 capitis
696 2779 815 2860 positis
839 2798 930 2846 snum
950 2787 1115 2850 auctorem
1135 2786 1236 2853 deno·

10 2880 12 2893 '
57 2887 152 2957 tavit
194 2885 289 2971 Quod
311 2890 370 2952 aut
396 2885 448 2951 ita
470 2884 629 2968 explicari
655 2890 767 2968 potest
794 2885 858 2952 iarn
881 2887 1027 2955 Palladii
1055 2895 1089 2957 et
1116 2911 1236 2976 geopo-

10 2986 12 3067 ᾗ
56 2995 204 3072 nieorum
230 2992 281 3060 illi
309 2992 435 3060 auctori
463 2992 680 3076 enuntiatum,
709 2995 750 3059 de
778 3012 840 3075 quo
868 3013 922 3061 res
950 3001 1015 3081 est,
1039 2998 1154 3065 deberi
1177 3006 1236 3066 aut

9 3162 12 3169 ,
56 3139 98 3152 -
128 3103 165 3167 id
194 3101 281 3182 quod
309 3098 390 3167 mihi
418 3098 547 3181 quidem
569 3098 773 3182 probabilius
795 3098 942 3184 videtur,
966 3102 1044 3184 quia
1067 3109 1234 3172 auctorem

9 3232 12 3269 :
55 3206 148 3279 illum
178 3213 349 3291 postquam
373 3205 459 3273 Celsi
483 3224 563 3288 opus
587 3204 774 3289 exscripsit,
796 3205 883 3273 ultro
908 3205 1124 3294 Columellas,
1148 3214 1234 3292 quod

9 3390 11 3395 ,
54 3313 247 3399 saepissime
274 3313 361 3381 idem
393 3311 584 3396 praebuisse
612 3311 766 3395 vidimus,
799 3314 842 3378 ad
874 3331 968 3380 suum
999 3314 1143 3384 laborem
1176 3319 1232 3385 ad-

53 3422 201 3493 hibuisse
227 3440 342 3504 parum
370 3419 549 3489 verisimile
578 3426 701 3487 est-
734 3419 921 3502 putabimus
949 3420 1039 3488 illam
1067 3425 1110 3489 ad
1138 3424 1232 3492 Oolu·

52 3530 186 3599 mellam
217 3527 484 3611 provocationem
516 3531 632 3609 postea
664 3528 790 3592 demum
822 3527 859 3592 in
891 3531 1019 3594 textum
1051 3528 1231 3615 irrepsisse,

52 3657 125 3706 cum
144 3636 231 3718 quod
248 3633 359 3702 nescio
379 3634 452 3717 quis
469 3633 504 3701 in
521 3633 670 3719 margins
688 3639 915 3714 annotaverat,
930 3653 950 3700 a
963 3635 1109 3718 proximo
1124 3637 1227 3706 libra-

50 3746 110 3832 rio,
133 3742 281 3810 Palladii
302 3741 408 3825 ipsius
430 3743 513 3809 baec
531 3743 635 3810 verba
658 3759 731 3808 esse
754 3740 810 3822 qni
831 3740 1037 3825 existimarit,
1059 3743 1230 3828 scriptoris

49 3852 167 3920 verbis
189 3850 401 3935 insereretur,
424 3851 510 3932 quod
533 3847 724 3931 saepissima
746 3847 870 3915 factum
893 3866 967 3916 esse
990 3855 1127 3919 constat

140 3960 197 4027 Ita
225 3977 309 4040 quae
339 3958 445 4025 adhuc
476 3958 517 4024 de
546 3956 615 4041 ria,
645 3975 710 4038 qua
737 3960 917 4038 praecepta
943 3955 1008 4024 illa
1032 3977 1072 4025 ex
1095 3958 1229 4029 Catonis

46 4067 138 4135 libro
157 4066 194 4132 in
208 4064 370 4133 Graecum
390 4083 507 4147 corpus
527 4063 699 4147 pervenire
718 4067 904 4146 potuerunt,
927 4068 1019 4131 recte
1034 4069 1227 4135 enucleasse

45 4175 128 4243 milii
153 4172 278 4257 videor,
299 4173 361 4239 hoc
383 4170 548 4239 illustrari
570 4178 706 4254 possunt
729 4173 900 4237 stemmate

1028 4276 1045 4329 2
1052 4275 1066 4305 1
