2932 4808
643 1066 757 1154 eaput
778 1068 851 1135 111.

179 1226 273 1314 (luid
304 1229 339 1311 in
368 1229 585 1313 uniuersum
614 1231 662 1313 de
691 1231 921 1314 Graecorum
950 1230 1122 1334 uesiiqiis
1151 1229 1185 1312 lu
1215 1229 1309 1312 libro

397 1356 444 1439 de
471 1355 553 1457 auri
583 1356 735 1439 culture
764 1356 999 1438 iudicandum
1028 1356 1093 1438 sit.

691 1537 800 1548 -υ-ι--ς

246 1657 486 1744 consuevimus,
504 1659 789 1742 quotienscumque
808 1679 891 1742 quae
906 1659 992 1728 rat-ie
1007 1658 1124 1728 Catoni
1143 1678 1215 1729 eum
1230 1658 1333 1728 Grae·

154 1766 203 1833 cis
227 1765 330 1833 fuerit
348 1766 527 1851 quaeritur,
545 1766 630 1834 nihil
650 1766 742 1835 aliud
760 1767 910 1854 cogitare
928 1766 992 1834 nisi
1011 1769 1052 1834 de
1065 1766 1244 1835 notissimis
1259 1766 1332 1833 illis

152 1873 355 1959 inimicitiis,
383 1874 500 1956 quibus
523 1894 615 1942 usum
639 1894 749 1942 omnes
771 1875 867 1942 illum
891 1875 1038 1942 Graecos
1066 1894 1170 1942 mores
1193 1892 1233 1942 ae
1257 1875 1331 1960 doe·

151 1981 276 2048 trinam
303 1984 419 2065 procul
442 2002 463 2050 a
485 1982 551 2050 suis
579 1983 708 2068 civibus
736 1985 854 2051 abesse
880 1982 1026 2053 voluisse
1052 1983 1223 2068 nonnullis
1245 1982 1332 2051 anti·

152 2106 291 2171 quorum
308 2090 506 2174 scriptorum
525 2090 608 2158 locis
628 2090 852 2174 comperimus.
898 2089 1099 2174 Quamquam
1118 2090 1249 2158 interea
1265 2109 1336 2157 non

150 2198 335 2282 neglegere
357 2198 511 2266 debemus
534 2198 690 2266 Catonem
712 2198 816 2281 ipsum
838 2215 1041 2280 nequaquam
1064 2197 1209 2266 alienum
1231 2197 1331 2265 fuisse

152 2304 195 2371 ab
218 2303 306 2373 omni
329 2305 459 2373 Graeca
481 2305 676 2373 eruditione.
720 2305 793 2372 Non
821 2306 1015 2391 ignoramus,
1042 2303 1165 2373 dixerit
1187 2304 1270 2390 quis,
1297 2304 1331 2372 in

152 2417 325 2480 senectute
352 2432 425 2480 eum
446 2412 571 2480 litteris
595 2412 733 2481 Graecis
761 2433 893 2496 operam
921 2412 1053 2480 dedisse
1075 2430 1096 2479 a
1119 2412 1274 2480 Cicerone
1296 2417 1332 2478 et

152 2519 234 2586 aliis
256 2519 386 2607 tradi¹).
433 2521 545 2603 Neque
567 2526 677 2589 tamen
698 2521 761 2587 hoo
780 2540 893 2588 verum
912 2525 963 2586 est
982 2539 1088 2602 neque
1106 2519 1193 2602 quod
1211 2539 1330 2603 nuper·

152 2625 232 2693 rime
263 2629 304 2694 de
333 2629 396 2695 hac
423 2648 460 2696 re
487 2629 658 2712 proposuit
680 2628 733 2698 uir
755 2629 863 2696 Italus
892 2628 1056 2712 catonem,
1085 2647 1156 2695 oum
1184 2626 1330 2711 origines

153 2734 345 2820 conficeret,
363 2719 407 2803 ¹in
429 2736 565 2803 litteras
589 2736 736 2803 Graecas
759 2735 946 2815 incumbere
969 2733 1158 2822 coepissel),
1186 2736 1251 2803 iam
1275 2753 1330 2802 ex·

152 2861 230 2923 pers
261 2841 340 2909 mihi
371 2842 504 2913 viuetm
535 2843 638 2913 omnis
671 2843 899 2911 dubitationis.
944 2843 1143 2928 ‘Diligenter
1174 2861 1260 2927 quae
1289 2843 1331 2908 de

152 2949 280 3017 Catone
304 2948 453 3018 Graecae
480 2951 652 3019 doetrinae
680 2949 825 3018 studioso
853 2954 912 3016 aut
933 2947 1060 3016 tradita
1087 2948 1153 3015 sint
1177 2954 1236 3015 aut
1257 2944 1332 3032 poss

117 3140 128 3155 ἡ
151 3056 221 3124 sint
235 3057 396 3124 constitui
411 3057 606 3125 coniectura’
624 3058 665 3127 H.
680 3057 810 3125 Jordan
824 3056 962 3143 collegit
975 3056 1009 3122 iu
1024 3055 1202 3144 quaestion.
1216 3056 1330 3125 Coton.
1360 3068 1363 3071 ’

150 3183 224 3248 cap.
239 3164 283 3246 Π,
308 3168 403 3250 1856,
425 3186 500 3251 pag.
515 3169 558 3234 66
577 3185 646 3248 sqq.
669 3165 819 3247 idemque
841 3184 915 3251 pag.
932 3167 983 3247 68,
1006 3170 1044 3231 ut
1067 3169 1145 3231 aute
1169 3183 1240 3231 eum
1263 3165 1329 3237 iam

149 3272 304 3342 Batavus
327 3272 388 3341 ille
410 3273 442 3340 J.
457 3273 498 3340 Η.
517 3292 583 3343 van
597 3272 733 3340 Bolhuis
755 3273 777 3341 1.
800 3293 824 3339 s.
847 3274 955 3357 pag?
975 3291 1031 3356 sq,
1052 3275 1145 3338 recte
1167 3291 1239 3339 mea
1257 3290 1329 3339 sen-

147 3380 261 3447 tentia
283 3379 493 3462 praedicavit
516 3381 671 3448 Catonem
699 3380 764 3448 iam
786 3382 890 3447 multo
918 3378 1009 3462 prius
1033 3379 1231 3446 Graecorum
1255 3380 1329 3446 doc·

145 3487 243 3556 trina
265 3486 368 3554 fuisse
390 3487 557 3556 imbutum.
604 3487 768 3556 Constitui
791 3492 900 3555 autem
924 3505 978 3571 ea,
1006 3505 1090 3568 quae
1112 3485 1262 3569 inprimis
1285 3488 1329 3554 ad

145 3600 300 3663 nostram
323 3594 452 3663 faciunt
474 3595 738 3680 disputationem,
764 3595 914 3662 breviter
936 3598 1121 3664 retractare
1148 3598 1249 3676 atque
1273 3612 1329 3662 au·

243 3810 264 3880 ¹)
282 3808 350 3863 Loci
368 3809 480 3864 collecti
498 3811 610 3864 exstant
627 3808 657 3862 in
675 3807 813 3863 Bolhuisii
830 3807 904 3863 libro
923 3825 992 3878 pag„
1008 3807 1032 3862 7.

242 3898 264 3968 ²)
282 3897 364 3954 Oarlo
388 3898 475 3966 Ricei,
501 3898 606 3954 Catone
631 3898 696 3953 uell'
721 3897 900 3969 oppositione
926 3897 983 3952 alla
1010 3897 1120 3952 cultura
1146 3914 1231 3968 greca
1258 3913 1273 3952 e
1300 3896 1328 3952 ai

141 3988 380 4063 greeheggiauti‚
405 3988 533 4044 Pelermo
560 3989 628 4044 1895
653 3991 729 4059 (pag.
748 3989 801 4060 40).
846 3987 881 4043 ef.
907 3987 980 4044 Berl.
1005 3987 1103 4058 philol.
1128 3987 1327 4042 Woehensehr.

144 4079 232 4147 1896,
246 4079 299 4134 532
313 4096 373 4147 sqq.
410 4078 524 4134 Praesto
539 4079 608 4132 mihi
620 4095 678 4133 non
692 4079 746 4133 fuit
759 4077 923 4145 Sternbaeh,
942 4077 1012 4132 Cato
1025 4078 1051 4132 d.
1065 4077 1176 4132 Aeltere
1189 4094 1214 4135 u.
1230 4077 1327 4131 descen

140 4167 236 4226 Verln
250 4185 283 4222 uu
294 4168 320 4222 d.
331 4166 476 4236 Griechem
489 4167 556 4223 Anu.
570 4168 596 4222 d.
606 4168 659 4223 Ale.
670 4169 696 4222 d.
708 4167 875 4222 Wirsenseh.
889 4167 918 4221 in
931 4167 1045 4221 Knakau
1060 4184 1123 4222 vom
1136 4163 1234 4222 91161.
1250 4165 1327 4220 1895.
