2932 4808
724 321 947 386 ..44-

333 517 492 605 Quoniam
514 519 590 589 huic
613 519 795 600 quaestioni
818 538 878 602 pro
902 517 1028 587 viribus
1051 519 1262 589 satisfactum
1287 524 1352 602 est,
1375 516 1426 584 hic

244 630 336 696 locus
360 633 421 711 est,
443 633 481 695 ut
503 627 544 694 de
567 625 818 712 geoponicorum
842 625 950 709 capite
968 626 1038 692 XII
1054 629 1094 695 17
1118 645 1225 709 panca
1247 628 1425 711 addantur,

244 735 365 820 quippe
388 754 451 818 quo
470 739 645 802 commotus
664 733 732 815 sim,
756 739 794 801 ut
816 735 857 799 da
877 731 1045 800 brassicae
1064 734 1295 801 laudatoribus
1314 733 1425 800 scisci·

244 841 311 910 tari
329 842 514 930 inciperam.
555 843 605 909 Ac
623 840 761 925 primum
780 840 909 924 quidem
930 842 993 908 duo
1011 847 1191 924 praecepta
1208 860 1272 908 nou
1292 840 1424 925 repperi

245 949 310 1017 nisi
332 952 420 1034 apud
443 950 614 1034 Catonem,
642 949 732 1016 cuius
760 947 946 1016 doctrinam
969 948 1099 1015 Plinius
1127 948 1298 1032 repetivit,
1329 948 1425 1016 etin

244 1057 494 1144 geoponicorum
517 1059 579 1125 hoc
601 1059 685 1125 loco:
709 1055 766 1124 ubi
790 1055 809 1143 ξ
826 1059 866 1123 15
891 1055 943 1141 (ut
956 1058 1044 1139 apud
1058 1057 1213 1124 Catonern
1228 1076 1298 1139 cap.
1317 1057 1424 1140 157,8

244 1171 279 1233 01
292 1164 379 1232 Plim
393 1165 460 1232 XX
477 1165 533 1252 82)
557 1170 672 1233 contra
689 1164 851 1232 insomnia
869 1163 1016 1232 brassica
1035 1166 1278 1231 commendatur
1296 1171 1334 1232 01
1348 1163 1368 1252 ξ
1384 1167 1423 1230 12

243 1273 295 1359 (ut
308 1273 394 1356 apud
410 1273 565 1341 Catonem
584 1291 653 1355 cap.
669 1274 800 1356 157,1o
824 1277 859 1338 01
876 1272 963 1339 Pliu.
978 1273 1045 1337 XX
1060 1271 1117 1358 83)
1141 1269 1276 1338 auribus
1295 1290 1423 1355 quoqne

242 1381 328 1450 hanc
356 1383 503 1463 plantam
531 1379 688 1463 prodesse
717 1378 936 1463 comperimus.
983 1378 1124 1446 Accedit
1146 1385 1360 1462 praeceptum
1383 1382 1422 1446 de

243 1487 439 1572 tumoribus,
476 1488 563 1570 quod
600 1486 757 1554 exhibent
790 1487 871 1554 Cato
904 1506 973 1569 cap.
995 1488 1073 1570 157,
1097 1488 1131 1570 3,
1166 1487 1251 1555 Ρ1111.
1274 1487 1344 1553 XX
1373 1490 1421 1570 82,

245 1614 379 1681 geopon.
393 1595 462 1661 XII
479 1596 529 1678 17,
549 1597 578 1662 4.
617 1595 749 1661 Gemoll
772 1592 806 1660 in
828 1593 916 1661 libro
930 1614 955 1659 s.
969 1614 994 1662 s.
1008 1614 1083 1678 pag.
1100 1595 1162 1660 181
1178 1613 1225 1676 sq.
1240 1593 1345 1677 illurn,
1368 1594 1420 1677 qui

243 1704 306 1771 hoc
330 1707 431 1786 caput
449 1701 599 1788 00110011,
622 1707 658 1770 01
670 1701 775 1768 Plinii
797 1707 832 1769 et
855 1701 948 1769 aliud
971 1721 1052 1785 opus
1075 1703 1118 1768 ad
1136 1720 1250 1768 manus
1267 1700 1419 1769 babuisse

242 1809 391 1878 coniecit.
429 1810 495 1877 Pro
513 1808 618 1876 Plinii
636 1808 766 1877 nomine
783 1828 842 1875 nos
862 1808 1001 1893 quidem,
1022 1828 1093 1876 curn
1107 1807 1252 1876 Plinium
1271 1815 1417 1876 1101110111

242 1918 398 1987 Catonem
423 1936 517 2000 quam
541 1916 642 1984 aliurn
663 1918 824 1999 quendam
843 1921 1019 2000 auctorem,
1042 1915 1063 1984 i.
1078 1935 1104 1984 e.
1124 1916 1257 1983 Celsum
1275 1921 1415 1984 secutum

242 2043 314 2092 esse
329 2023 561 2092 coniecerimus
580 2023 668 2111 (pag.
684 2026 748 2107 32),
772 2043 866 2106 quem
885 2022 964 2091 aliis
983 2022 1066 2091 locis
1085 2022 1274 2109 geoponicis
1288 2022 1413 2091 Catonis

243 2137 420 2215 praecepta
446 2131 675 2214 suppeditasse
698 2129 993 2198 demonstravimus
1016 2130 1103 2218 (pag.
1120 2130 1189 2218 lo),
1217 2130 1272 2198 hic
1295 2149 1411 2213 quoque
1454 2190 1456 2195 .

243 2239 333 2306 Celsi
360 2258 477 2307 nomen
505 2239 706 2306 substituere
733 2240 907 2322 malumus,
935 2236 1130 2322 praesertim
1158 2256 1228 2305 cum
1258 2257 1311 2322 aa,
1338 2256 1409 2320 quaa

241 2347 279 2414 in
301 2366 393 2431 geop.
417 2345 437 2434 ξ
464 2348 503 2413 15
527 2348 568 2413 de
591 2345 732 2413 lienibus
756 2345 911 2414 dicuntur
934 2364 1082 2428 quaeque
1102 2345 1183 2413 cato
1208 2365 1337 2429 quoque
1359 2344 1406 2432 §l

243 2454 389 2537 praebet,
413 2474 433 2521 a
455 2452 567 2522 Plinio
590 2472 656 2521 non
680 2457 813 2522 servata
836 2452 911 2520 sint.
955 2453 1010 2520 lta
1031 2454 1094 2521 baa
1117 2472 1246 2535 qnoque
1269 2451 1406 2520 similitu·

242 2560 336 2629 dines
355 2561 468 2629 eadem
487 2559 617 2628 ratione
637 2559 855 2644 explicandae
879 2580 950 2627 esse
964 2560 1121 2629 videntur
1139 2565 1239 2642 atque
1259 2559 1292 2628 in
1312 2558 1404 2643 capita

241 2668 344 2753 primo
367 2668 492 2736 factum
515 2668 607 2752 ast¹).

331 2847 473 2917 ι)11’0111111
499 2845 584 2900 etiam
604 2844 703 2901 Galeni
725 2845 769 2900 his
791 2846 821 2901 in
844 2845 1001 2917 praeceptis
1024 2845 1180 2901 tractandis
1198 2845 1272 2901 ratio
1291 2843 1404 2901 habenda

240 2939 295 3002 cst,
313 2935 361 3004 qui
385 2938 416 2990 ut
440 2935 554 2990 vulnera
577 2934 652 2990 solus
676 2940 788 3006 praeter
807 2936 939 2991 Catonem
966 2938 996 2990 01
1014 2936 1234 3007 geoponicorum
1256 2936 1404 3007 scriptoram

241 3025 414 3082 enumeravit
436 3025 510 3080 inter
534 3042 578 3093 ea,
598 3024 699 3093 quibus
722 3025 847 3080 brassica
871 3025 1008 3093 conferat,
1027 3025 1069 3080 ita
1092 3025 1196 3080 lienum
1216 3042 1327 3096 quoque
1344 3023 1405 3080 solus
1454 3066 1456 3105 Ι

240 3119 352 3186 praeter
374 3114 438 3171 illos
461 3116 514 3170 hac
537 3114 683 3171 occasione
706 3115 876 3171 mentionem
900 3115 968 3171 fecit
990 3114 1063 3186 (vide
1087 3133 1172 3186 supra
1195 3133 1261 3186 pag.
1275 3115 1333 3186 36);
1355 3129 1406 3168 011111
1453 3120 1456 3191 )

241 3204 340 3260 Galeni
358 3204 522 3275 conspirant
539 3221 748 3273 nonnumquam
761 3204 932 3259 Dioscuridis
952 3205 986 3260 de
1005 3205 1128 3260 brassica
1146 3207 1307 3276 praecepta
1335 3203 1407 3259 ucce-

240 3293 283 3349 dit
306 3290 381 3363 quod
404 3289 624 3365 geoponicorum
647 3293 749 3365 capitis
773 3297 789 3364 ᾖ
808 3296 823 3347 7
847 3296 876 3349 01
894 3293 1001 3350 Galeno
1025 3297 1053 3349 01
1072 3293 1230 3350 Dioscoridi
1255 3293 1409 3350 attribuitur

240 3385 315 3454 apud
328 3383 441 3439 Petrum
459 3384 493 3438 de
507 3384 672 3439 Crescentiis
685 3384 779 3455 (rural.
795 3384 931 3439 commod.
945 3383 995 3440 lib.
1004 3384 1051 3452 VI,
1065 3401 1126 3455 cap.
1140 3385 1174 3439 de
1192 3383 1322 3440 caulibus
1337 3387 1411 3450 0111,

241 3474 274 3527 01.
299 3490 364 3529 vero
386 3473 462 3541 Keil,
486 3473 543 3528 ind.
568 3473 652 3530 schol.
677 3473 739 3527 Hal.
763 3473 858 3528 aestiv.
879 3473 949 3528 1885
967 3491 1032 3544 pag.
1050 3474 1099 3544 ΙΠ)
1124 3477 1153 3528 01
1178 3475 1255 3543 apud
1280 3473 1413 3530 medicum

240 3561 345 3616 Arabia
363 3566 455 3617 ortum
474 3562 610 3618 Joannem
629 3562 810 3633 Serapionem
829 3563 874 3633 (de
894 3561 1068 3632 simplicibus
1081 3579 1114 3617 ex
1127 3562 1233 3633 plantis
1248 3579 1311 3634 cap.
1326 3565 1361 3620 38
1378 3562 1415 3619 01.

239 3652 364 3722 Lugdun.
380 3653 467 3723 1525).
