<?xml version="1.0" encoding="UTF-8"?>
<!DOCTYPE html PUBLIC "-//W3C//DTD XHTML 1.0 Transitional//EN"
    "http://www.w3.org/TR/xhtml1/DTD/xhtml1-transitional.dtd">
<html xmlns="http://www.w3.org/1999/xhtml" xml:lang="en" lang="en">
 <head>
  <title>
</title>
<meta http-equiv="Content-Type" content="text/html;charset=utf-8" />
  <meta name='ocr-system' content='tesseract 3.04.00' />
  <meta name='ocr-capabilities' content='ocr_page ocr_carea ocr_par ocr_line ocrx_word'/>
</head>
<body>
  <div class='ocr_page' id='page_1' title='image "./decatonisdeagri00reutgoog_0025.png"; bbox 0 0 2932 4808; ppageno 0'>
   <div class='ocr_carea' id='block_1_1' title="bbox 713 312 935 376">
    <p class='ocr_par' dir='ltr' id='par_1_1' title="bbox 713 312 935 376">
     <span class='ocr_line' id='line_1_1' title="bbox 713 312 935 376; baseline -0.005 -16"><span class='ocrx_word' id='word_1_1' title='bbox 713 312 935 376; x_wconf 74' lang='lat'>...14-</span> 
     </span>
    </p>
   </div>
   <div class='ocr_carea' id='block_1_2' title="bbox 231 503 1417 2410">
    <p class='ocr_par' dir='ltr' id='par_1_2' title="bbox 231 503 1417 2092">
     <span class='ocr_line' id='line_1_2' title="bbox 232 503 1411 590; baseline -0.002 -16"><span class='ocrx_word' id='word_1_2' title='bbox 232 507 281 574; x_wconf 87' lang='lat' dir='ltr'>ita</span> <span class='ocrx_word' id='word_1_3' title='bbox 303 504 408 574; x_wconf 81' lang='lat' dir='ltr'>uthis</span> <span class='ocrx_word' id='word_1_4' title='bbox 421 505 551 588; x_wconf 87' lang='lat' dir='ltr'>quidem</span> <span class='ocrx_word' id='word_1_5' title='bbox 568 506 636 588; x_wconf 86' lang='lat' dir='ltr'>eae,</span> <span class='ocrx_word' id='word_1_6' title='bbox 659 523 742 588; x_wconf 88' lang='lat' dir='ltr'>quae</span> <span class='ocrx_word' id='word_1_7' title='bbox 752 505 846 589; x_wconf 75' lang='grc' dir='ltr'><strong><em>’πρὸς</em></strong></span> <span class='ocrx_word' id='word_1_8' title='bbox 859 506 1034 589; x_wconf 77' lang='grc' dir='ltr'><strong><em>ἀκαλογύαύ</em></strong></span> <span class='ocrx_word' id='word_1_9' title='bbox 1049 503 1160 590; x_wconf 80' lang='lat' dir='ltr'>(Gatoz</span> <span class='ocrx_word' id='word_1_10' title='bbox 1174 506 1244 588; x_wconf 89' lang='lat' dir='ltr'>‘pro</span> <span class='ocrx_word' id='word_1_11' title='bbox 1258 504 1411 590; x_wconf 86' lang='lat' dir='ltr'>ratioue’)</span> 
     </span>
     <span class='ocr_line' id='line_1_3' title="bbox 233 611 1411 697; baseline -0.002 -16"><span class='ocrx_word' id='word_1_12' title='bbox 233 618 396 697; x_wconf 81' lang='lat' dir='ltr'><strong>curentur,</strong></span> <span class='ocrx_word' id='word_1_13' title='bbox 419 613 559 680; x_wconf 90' lang='lat' dir='ltr'>maiores</span> <span class='ocrx_word' id='word_1_14' title='bbox 581 612 826 697; x_wconf 82' lang='lat' dir='ltr'>intellegendae</span> <span class='ocrx_word' id='word_1_15' title='bbox 851 612 927 695; x_wconf 88' lang='lat' dir='ltr'>siut,</span> <span class='ocrx_word' id='word_1_16' title='bbox 951 630 1035 694; x_wconf 86' lang='lat' dir='ltr'>quae</span> <span class='ocrx_word' id='word_1_17' title='bbox 1054 611 1223 680; x_wconf 87' lang='lat' dir='ltr'>sententia</span> <span class='ocrx_word' id='word_1_18' title='bbox 1240 612 1411 679; x_wconf 88' lang='lat' dir='ltr'>enuntiato</span> 
     </span>
     <span class='ocr_line' id='line_1_4' title="bbox 231 718 1414 806; baseline -0.003 -18"><span class='ocrx_word' id='word_1_19' title='bbox 231 719 426 804; x_wconf 79' lang='lat' dir='ltr'>interposito</span> <span class='ocrx_word' id='word_1_20' title='bbox 445 722 478 804; x_wconf 75' lang='grc' dir='ltr'>’ἢ</span> <span class='ocrx_word' id='word_1_21' title='bbox 498 721 629 806; x_wconf 81' lang='grc' dir='ltr'><strong><em>ἀχύρων</em></strong></span> <span class='ocrx_word' id='word_1_22' title='bbox 651 722 818 804; x_wconf 55' lang='lat' dir='ltr'>scabros</span> <span class='ocrx_word' id='word_1_23' title='bbox 836 721 969 803; x_wconf 80' lang='grc' dir='ltr'><strong><em>κόφινον</em></strong></span> <span class='ocrx_word' id='word_1_24' title='bbox 988 724 1008 804; x_wconf 80' lang='grc' dir='ltr'><em>ἢ</em></span> <span class='ocrx_word' id='word_1_25' title='bbox 1028 720 1105 795; x_wconf 76' lang='lat' dir='ltr'>drio&#39;,</span> <span class='ocrx_word' id='word_1_26' title='bbox 1129 719 1186 787; x_wconf 88' lang='lat' dir='ltr'>ubi</span> <span class='ocrx_word' id='word_1_27' title='bbox 1208 719 1287 786; x_wconf 70' lang='lat' dir='ltr'>item</span> <span class='ocrx_word' id='word_1_28' title='bbox 1308 718 1414 786; x_wconf 81' lang='lat' dir='ltr'>maior</span> 
     </span>
     <span class='ocr_line' id='line_1_5' title="bbox 235 826 1413 913; baseline -0.002 -18"><span class='ocrx_word' id='word_1_29' title='bbox 235 828 342 911; x_wconf 85' lang='lat' dir='ltr'>portio</span> <span class='ocrx_word' id='word_1_30' title='bbox 370 827 532 913; x_wconf 88' lang='lat' dir='ltr'>sequitur,</span> <span class='ocrx_word' id='word_1_31' title='bbox 560 826 762 910; x_wconf 88' lang='lat' dir='ltr'>comprobari</span> <span class='ocrx_word' id='word_1_32' title='bbox 790 832 916 911; x_wconf 90' lang='lat' dir='ltr'>posset,</span> <span class='ocrx_word' id='word_1_33' title='bbox 942 831 1070 894; x_wconf 89' lang='lat' dir='ltr'>tantum</span> <span class='ocrx_word' id='word_1_34' title='bbox 1097 832 1209 894; x_wconf 88' lang='lat' dir='ltr'>tamen</span> <span class='ocrx_word' id='word_1_35' title='bbox 1234 845 1256 893; x_wconf 88' lang='lat' dir='ltr'>a</span> <span class='ocrx_word' id='word_1_36' title='bbox 1279 826 1413 894; x_wconf 80' lang='lat' dir='ltr'>Catonis</span> 
     </span>
     <span class='ocr_line' id='line_1_6' title="bbox 233 932 1413 1018; baseline -0.004 -14"><span class='ocrx_word' id='word_1_37' title='bbox 233 941 269 1004; x_wconf 93' lang='lat' dir='ltr'>et</span> <span class='ocrx_word' id='word_1_38' title='bbox 291 935 493 1003; x_wconf 80' lang='lat' dir='ltr'>Columellas</span> <span class='ocrx_word' id='word_1_39' title='bbox 515 935 675 1001; x_wconf 80' lang='lat' dir='ltr'>mensuris</span> <span class='ocrx_word' id='word_1_40' title='bbox 695 933 859 1018; x_wconf 87' lang='lat' dir='ltr'>differunt,</span> <span class='ocrx_word' id='word_1_41' title='bbox 880 939 919 1001; x_wconf 95' lang='lat' dir='ltr'>ut</span> <span class='ocrx_word' id='word_1_42' title='bbox 936 936 1086 1002; x_wconf 88' lang='lat' dir='ltr'>mendum</span> <span class='ocrx_word' id='word_1_43' title='bbox 1105 933 1159 1001; x_wconf 87' lang='lat' dir='ltr'>hic</span> <span class='ocrx_word' id='word_1_44' title='bbox 1179 933 1293 1001; x_wconf 88' lang='lat' dir='ltr'>adesse</span> <span class='ocrx_word' id='word_1_45' title='bbox 1311 932 1413 1000; x_wconf 87' lang='lat' dir='ltr'>facile</span> 
     </span>
     <span class='ocr_line' id='line_1_7' title="bbox 235 1040 1413 1126; baseline -0.002 -17"><span class='ocrx_word' id='word_1_46' title='bbox 235 1043 411 1126; x_wconf 84' lang='lat' dir='ltr'>opinemur.</span> <span class='ocrx_word' id='word_1_47' title='bbox 457 1041 629 1109; x_wconf 77' lang='lat' dir='ltr'>Facillime</span> <span class='ocrx_word' id='word_1_48' title='bbox 653 1041 815 1109; x_wconf 79' lang='lat' dir='ltr'>Graecum</span> <span class='ocrx_word' id='word_1_49' title='bbox 842 1060 1010 1108; x_wconf 89' lang='lat' dir='ltr'>numerum</span> <span class='ocrx_word' id='word_1_50' title='bbox 1038 1041 1082 1125; x_wconf 90' lang='lat' dir='ltr'>ei,</span> <span class='ocrx_word' id='word_1_51' title='bbox 1110 1060 1205 1124; x_wconf 86' lang='lat' dir='ltr'>quem</span> <span class='ocrx_word' id='word_1_52' title='bbox 1226 1040 1413 1109; x_wconf 77' lang='lat' dir='ltr'>Columella</span> 
     </span>
     <span class='ocr_line' id='line_1_8' title="bbox 234 1148 1414 1234; baseline -0.001 -18"><span class='ocrx_word' id='word_1_53' title='bbox 234 1150 383 1234; x_wconf 81' lang='lat' dir='ltr'>exhibet,</span> <span class='ocrx_word' id='word_1_54' title='bbox 413 1151 655 1217; x_wconf 87' lang='lat' dir='ltr'>accommodare</span> <span class='ocrx_word' id='word_1_55' title='bbox 685 1166 863 1232; x_wconf 90' lang='lat' dir='ltr'>possumus,</span> <span class='ocrx_word' id='word_1_56' title='bbox 893 1148 922 1215; x_wconf 93' lang='lat' dir='ltr'>si</span> <span class='ocrx_word' id='word_1_57' title='bbox 951 1167 1010 1232; x_wconf 94' lang='lat' dir='ltr'>pro</span> <span class='ocrx_word' id='word_1_58' title='bbox 1039 1150 1071 1233; x_wconf 79' lang='grc' dir='ltr'>β’</span> <span class='ocrx_word' id='word_1_59' title='bbox 1095 1150 1228 1221; x_wconf 83' lang='grc' dir='ltr'><strong><em>κοτύλας</em></strong></span> <span class='ocrx_word' id='word_1_60' title='bbox 1256 1148 1414 1231; x_wconf 86' lang='lat' dir='ltr'>scriptum</span> 
     </span>
     <span class='ocr_line' id='line_1_9' title="bbox 233 1254 1412 1341; baseline -0.002 -17"><span class='ocrx_word' id='word_1_61' title='bbox 233 1257 335 1325; x_wconf 89' lang='lat' dir='ltr'>fuisse</span> <span class='ocrx_word' id='word_1_62' title='bbox 348 1255 551 1339; x_wconf 90' lang='lat' dir='ltr'>suspicamur</span> <span class='ocrx_word' id='word_1_63' title='bbox 571 1258 622 1341; x_wconf 79' lang='grc' dir='ltr'>οβ’</span> <span class='ocrx_word' id='word_1_64' title='bbox 636 1257 779 1331; x_wconf 83' lang='grc' dir='ltr'><strong><em>κοτύλας,</em></strong></span> <span class='ocrx_word' id='word_1_65' title='bbox 802 1254 823 1323; x_wconf 90' lang='lat' dir='ltr'>i.</span> <span class='ocrx_word' id='word_1_66' title='bbox 837 1275 865 1324; x_wconf 89' lang='lat' dir='ltr'>e.</span> <span class='ocrx_word' id='word_1_67' title='bbox 878 1254 1030 1322; x_wconf 87' lang='lat' dir='ltr'>XXXVI</span> <span class='ocrx_word' id='word_1_68' title='bbox 1044 1255 1205 1322; x_wconf 79' lang='lat' dir='ltr'>sextarios</span> <span class='ocrx_word' id='word_1_69' title='bbox 1221 1285 1262 1312; x_wconf 89' lang='lat'>=</span> <span class='ocrx_word' id='word_1_70' title='bbox 1272 1255 1321 1322; x_wconf 88' lang='lat' dir='ltr'>VI</span> <span class='ocrx_word' id='word_1_71' title='bbox 1336 1274 1412 1322; x_wconf 87' lang='lat' dir='ltr'>cou-</span> 
     </span>
     <span class='ocr_line' id='line_1_10' title="bbox 234 1362 1412 1449; baseline -0.003 -18"><span class='ocrx_word' id='word_1_72' title='bbox 234 1363 319 1449; x_wconf 80' lang='lat' dir='ltr'>gios;</span> <span class='ocrx_word' id='word_1_73' title='bbox 341 1363 465 1431; x_wconf 88' lang='lat' dir='ltr'>illudo</span> <span class='ocrx_word' id='word_1_74' title='bbox 487 1363 686 1431; x_wconf 80' lang='lat' dir='ltr'>intercidere</span> <span class='ocrx_word' id='word_1_75' title='bbox 708 1362 825 1447; x_wconf 90' lang='lat' dir='ltr'>potuit,</span> <span class='ocrx_word' id='word_1_76' title='bbox 849 1362 927 1444; x_wconf 80' lang='lat' dir='ltr'>qula</span> <span class='ocrx_word' id='word_1_77' title='bbox 949 1363 1090 1430; x_wconf 88' lang='lat' dir='ltr'>alterum</span> <span class='ocrx_word' id='word_1_78' title='bbox 1108 1363 1205 1445; x_wconf 92' lang='lat' dir='ltr'>paulo</span> <span class='ocrx_word' id='word_1_79' title='bbox 1228 1367 1307 1430; x_wconf 89' lang='lat' dir='ltr'>ante</span> <span class='ocrx_word' id='word_1_80' title='bbox 1330 1362 1412 1429; x_wconf 89' lang='lat' dir='ltr'>scri·</span> 
     </span>
     <span class='ocr_line' id='line_1_11' title="bbox 233 1468 1414 1558; baseline -0.003 -20"><span class='ocrx_word' id='word_1_81' title='bbox 233 1472 375 1538; x_wconf 86' lang='lat' dir='ltr'>bendum</span> <span class='ocrx_word' id='word_1_82' title='bbox 398 1470 508 1538; x_wconf 86' lang='lat' dir='ltr'>fueret</span> <span class='ocrx_word' id='word_1_83' title='bbox 528 1470 564 1538; x_wconf 91' lang='lat' dir='ltr'>iu</span> <span class='ocrx_word' id='word_1_84' title='bbox 586 1471 688 1539; x_wconf 86' lang='lat' dir='ltr'>verbo</span> <span class='ocrx_word' id='word_1_85' title='bbox 709 1472 808 1537; x_wconf 70' lang='grc' dir='ltr'>’16ουῖ</span> <span class='ocrx_word' id='word_1_86' title='bbox 853 1469 920 1537; x_wconf 89' lang='lat' dir='ltr'>Sed</span> <span class='ocrx_word' id='word_1_87' title='bbox 941 1487 1057 1552; x_wconf 84' lang='lat' dir='ltr'>pamm</span> <span class='ocrx_word' id='word_1_88' title='bbox 1078 1469 1194 1554; x_wconf 88' lang='lat' dir='ltr'>liquet,</span> <span class='ocrx_word' id='word_1_89' title='bbox 1216 1468 1414 1558; x_wconf 78' lang='lat' dir='ltr'>praesertIm</span> 
     </span>
     <span class='ocr_line' id='line_1_12' title="bbox 236 1578 1413 1662; baseline -0.003 -17"><span class='ocrx_word' id='word_1_90' title='bbox 236 1597 307 1646; x_wconf 84' lang='lat' dir='ltr'>curn</span> <span class='ocrx_word' id='word_1_91' title='bbox 331 1578 390 1646; x_wconf 84' lang='lat' dir='ltr'>hoc</span> <span class='ocrx_word' id='word_1_92' title='bbox 412 1596 541 1661; x_wconf 88' lang='lat' dir='ltr'>quoque</span> <span class='ocrx_word' id='word_1_93' title='bbox 570 1581 699 1645; x_wconf 87' lang='lat' dir='ltr'>constet</span> <span class='ocrx_word' id='word_1_94' title='bbox 726 1579 860 1662; x_wconf 85' lang='grc' dir='ltr'><strong><em>κοτύλην</em></strong></span> <span class='ocrx_word' id='word_1_95' title='bbox 887 1595 1092 1660; x_wconf 87' lang='lat' dir='ltr'>nequaquam</span> <span class='ocrx_word' id='word_1_96' title='bbox 1119 1595 1248 1661; x_wconf 88' lang='lat' dir='ltr'>semper</span> <span class='ocrx_word' id='word_1_97' title='bbox 1275 1578 1413 1650; x_wconf 92' lang='lat' dir='ltr'>eundem</span> 
     </span>
     <span class='ocr_line' id='line_1_13' title="bbox 237 1683 1415 1771; baseline -0.002 -17"><span class='ocrx_word' id='word_1_98' title='bbox 237 1688 365 1754; x_wconf 92' lang='lat' dir='ltr'>modum</span> <span class='ocrx_word' id='word_1_99' title='bbox 389 1703 561 1753; x_wconf 84' lang='lat' dir='ltr'>mensurae</span> <span class='ocrx_word' id='word_1_100' title='bbox 585 1685 788 1768; x_wconf 89' lang='lat' dir='ltr'>appellatum</span> <span class='ocrx_word' id='word_1_101' title='bbox 812 1683 929 1771; x_wconf 82' lang='lat' dir='ltr'>esse1).</span> <span class='ocrx_word' id='word_1_102' title='bbox 978 1685 1064 1752; x_wconf 87' lang='lat' dir='ltr'>Item</span> <span class='ocrx_word' id='word_1_103' title='bbox 1087 1705 1145 1753; x_wconf 89' lang='lat' dir='ltr'>cur</span> <span class='ocrx_word' id='word_1_104' title='bbox 1162 1684 1198 1753; x_wconf 90' lang='lat' dir='ltr'>iu</span> <span class='ocrx_word' id='word_1_105' title='bbox 1216 1684 1415 1753; x_wconf 71' lang='lat' dir='ltr'>columellae</span> 
     </span>
     <span class='ocr_line' id='line_1_14' title="bbox 236 1791 1416 1877; baseline -0.001 -17"><span class='ocrx_word' id='word_1_106' title='bbox 236 1794 347 1876; x_wconf 78' lang='lat' dir='ltr'>capue</span> <span class='ocrx_word' id='word_1_107' title='bbox 370 1792 508 1860; x_wconf 82' lang='lat' dir='ltr'>(latomis</span> <span class='ocrx_word' id='word_1_108' title='bbox 529 1791 656 1860; x_wconf 91' lang='lat' dir='ltr'>numeri</span> <span class='ocrx_word' id='word_1_109' title='bbox 678 1792 841 1859; x_wconf 76' lang='lat' dir='ltr'>immutati</span> <span class='ocrx_word' id='word_1_110' title='bbox 864 1797 1008 1877; x_wconf 84' lang='lat' dir='ltr'>exstent,</span> <span class='ocrx_word' id='word_1_111' title='bbox 1031 1792 1074 1859; x_wconf 87' lang='lat' dir='ltr'>ad</span> <span class='ocrx_word' id='word_1_112' title='bbox 1096 1792 1256 1874; x_wconf 87' lang='lat' dir='ltr'>liquidum</span> <span class='ocrx_word' id='word_1_113' title='bbox 1280 1792 1416 1876; x_wconf 88' lang='lat' dir='ltr'>perduci</span> 
     </span>
     <span class='ocr_line' id='line_1_15' title="bbox 237 1897 1417 1982; baseline 0 -15"><span class='ocrx_word' id='word_1_114' title='bbox 237 1920 257 1966; x_wconf 91' lang='lat' dir='ltr'>a</span> <span class='ocrx_word' id='word_1_115' title='bbox 278 1918 331 1967; x_wconf 91' lang='lat' dir='ltr'>me</span> <span class='ocrx_word' id='word_1_116' title='bbox 352 1919 419 1967; x_wconf 91' lang='lat' dir='ltr'>non</span> <span class='ocrx_word' id='word_1_117' title='bbox 440 1899 556 1982; x_wconf 92' lang='lat' dir='ltr'>potuit.</span> <span class='ocrx_word' id='word_1_118' title='bbox 593 1897 809 1966; x_wconf 87' lang='lat' dir='ltr'>Nihilominus</span> <span class='ocrx_word' id='word_1_119' title='bbox 832 1899 892 1967; x_wconf 92' lang='lat' dir='ltr'>hos</span> <span class='ocrx_word' id='word_1_120' title='bbox 911 1917 1038 1981; x_wconf 86' lang='lat' dir='ltr'>quoque</span> <span class='ocrx_word' id='word_1_121' title='bbox 1055 1898 1146 1967; x_wconf 91' lang='lat' dir='ltr'>locos</span> <span class='ocrx_word' id='word_1_122' title='bbox 1165 1898 1307 1981; x_wconf 87' lang='lat' dir='ltr'>aliquam</span> <span class='ocrx_word' id='word_1_123' title='bbox 1331 1919 1417 1967; x_wconf 88' lang='lat' dir='ltr'>com·</span> 
     </span>
     <span class='ocr_line' id='line_1_16' title="bbox 237 2006 901 2092; baseline -0.002 -19"><span class='ocrx_word' id='word_1_124' title='bbox 237 2007 445 2090; x_wconf 88' lang='lat' dir='ltr'>parationem</span> <span class='ocrx_word' id='word_1_125' title='bbox 467 2006 592 2074; x_wconf 89' lang='lat' dir='ltr'>habere</span> <span class='ocrx_word' id='word_1_126' title='bbox 614 2024 680 2074; x_wconf 90' lang='lat' dir='ltr'>non</span> <span class='ocrx_word' id='word_1_127' title='bbox 702 2006 901 2092; x_wconf 81' lang='lat' dir='ltr'>negabimus.</span> 
     </span>
    </p>

    <p class='ocr_par' dir='ltr' id='par_1_3' title="bbox 237 2112 1417 2410">
     <span class='ocr_line' id='line_1_17' title="bbox 325 2112 1417 2198; baseline -0.001 -17"><span class='ocrx_word' id='word_1_128' title='bbox 325 2113 379 2182; x_wconf 78' lang='lat' dir='ltr'>Eu</span> <span class='ocrx_word' id='word_1_129' title='bbox 406 2132 488 2196; x_wconf 87' lang='lat' dir='ltr'>quas</span> <span class='ocrx_word' id='word_1_130' title='bbox 516 2112 775 2196; x_wconf 88' lang='lat' dir='ltr'>speciosissimas</span> <span class='ocrx_word' id='word_1_131' title='bbox 801 2113 837 2180; x_wconf 91' lang='lat' dir='ltr'>in</span> <span class='ocrx_word' id='word_1_132' title='bbox 864 2112 1117 2198; x_wconf 83' lang='lat' dir='ltr'>geoponicorum</span> <span class='ocrx_word' id='word_1_133' title='bbox 1145 2133 1280 2196; x_wconf 86' lang='lat' dir='ltr'>corpore</span> <span class='ocrx_word' id='word_1_134' title='bbox 1302 2113 1417 2183; x_wconf 86' lang='lat' dir='ltr'>inveni</span> 
     </span>
     <span class='ocr_line' id='line_1_18' title="bbox 238 2219 1417 2304; baseline -0.001 -16"><span class='ocrx_word' id='word_1_135' title='bbox 238 2220 475 2290; x_wconf 78' lang='lat' dir='ltr'>similitudines.</span> <span class='ocrx_word' id='word_1_136' title='bbox 525 2219 617 2304; x_wconf 78' lang='lat' dir='ltr'>Quae</span> <span class='ocrx_word' id='word_1_137' title='bbox 644 2225 776 2288; x_wconf 87' lang='lat' dir='ltr'>restant</span> <span class='ocrx_word' id='word_1_138' title='bbox 802 2225 862 2288; x_wconf 91' lang='lat' dir='ltr'>aut</span> <span class='ocrx_word' id='word_1_139' title='bbox 887 2239 1002 2303; x_wconf 89' lang='lat' dir='ltr'>parum</span> <span class='ocrx_word' id='word_1_140' title='bbox 1032 2220 1224 2303; x_wconf 81' lang='lat' dir='ltr'>perspicuae</span> <span class='ocrx_word' id='word_1_141' title='bbox 1252 2227 1330 2289; x_wconf 89' lang='lat' dir='ltr'>sunt</span> <span class='ocrx_word' id='word_1_142' title='bbox 1358 2227 1417 2288; x_wconf 88' lang='lat' dir='ltr'>aut</span> 
     </span>
     <span class='ocr_line' id='line_1_19' title="bbox 237 2326 1417 2410; baseline 0.001 -16"><span class='ocrx_word' id='word_1_143' title='bbox 237 2328 288 2394; x_wconf 89' lang='lat' dir='ltr'>ita</span> <span class='ocrx_word' id='word_1_144' title='bbox 310 2331 524 2410; x_wconf 87' lang='lat' dir='ltr'>comparatae,</span> <span class='ocrx_word' id='word_1_145' title='bbox 551 2331 590 2394; x_wconf 92' lang='lat' dir='ltr'>ut</span> <span class='ocrx_word' id='word_1_146' title='bbox 616 2347 666 2392; x_wconf 92' lang='lat' dir='ltr'>me</span> <span class='ocrx_word' id='word_1_147' title='bbox 694 2326 843 2394; x_wconf 92' lang='lat' dir='ltr'>omnibus</span> <span class='ocrx_word' id='word_1_148' title='bbox 867 2346 939 2394; x_wconf 89' lang='lat' dir='ltr'>cum</span> <span class='ocrx_word' id='word_1_149' title='bbox 962 2326 1096 2395; x_wconf 77' lang='lat' dir='ltr'>Catonis</span> <span class='ocrx_word' id='word_1_150' title='bbox 1119 2328 1313 2410; x_wconf 89' lang='lat' dir='ltr'>quibusdam</span> <span class='ocrx_word' id='word_1_151' title='bbox 1334 2327 1417 2395; x_wconf 91' lang='lat' dir='ltr'>locis</span> 
     </span>
    </p>
   </div>
   <div class='ocr_carea' id='block_1_3' title="bbox 239 2433 1417 2842">
    <p class='ocr_par' dir='ltr' id='par_1_4' title="bbox 239 2433 1417 2842">
     <span class='ocr_line' id='line_1_20' title="bbox 239 2433 1417 2519; baseline 0 -17"><span class='ocrx_word' id='word_1_152' title='bbox 239 2434 384 2502; x_wconf 81' lang='lat' dir='ltr'>Graecos</span> <span class='ocrx_word' id='word_1_153' title='bbox 415 2434 592 2501; x_wconf 87' lang='lat' dir='ltr'>cohaerere</span> <span class='ocrx_word' id='word_1_154' title='bbox 622 2434 820 2515; x_wconf 88' lang='lat' dir='ltr'>persuadere</span> <span class='ocrx_word' id='word_1_155' title='bbox 851 2452 947 2516; x_wconf 88' lang='lat' dir='ltr'>posse</span> <span class='ocrx_word' id='word_1_156' title='bbox 976 2435 1110 2517; x_wconf 89' lang='lat' dir='ltr'>paulum</span> <span class='ocrx_word' id='word_1_157' title='bbox 1143 2433 1302 2519; x_wconf 86' lang='lat' dir='ltr'>diffidam,</span> <span class='ocrx_word' id='word_1_158' title='bbox 1332 2454 1417 2516; x_wconf 85' lang='lat' dir='ltr'>quae</span> 
     </span>
     <span class='ocr_line' id='line_1_21' title="bbox 239 2539 1416 2626; baseline -0.001 -17"><span class='ocrx_word' id='word_1_159' title='bbox 239 2540 388 2624; x_wconf 90' lang='lat' dir='ltr'>inprimis</span> <span class='ocrx_word' id='word_1_160' title='bbox 408 2540 523 2609; x_wconf 87' lang='lat' dir='ltr'>valent</span> <span class='ocrx_word' id='word_1_161' title='bbox 545 2541 581 2607; x_wconf 92' lang='lat' dir='ltr'>iu</span> <span class='ocrx_word' id='word_1_162' title='bbox 599 2539 851 2623; x_wconf 79' lang='lat' dir='ltr'>geoponicorum</span> <span class='ocrx_word' id='word_1_163' title='bbox 870 2539 1032 2623; x_wconf 87' lang='lat' dir='ltr'>capitibus</span> <span class='ocrx_word' id='word_1_164' title='bbox 1054 2541 1157 2625; x_wconf 86' lang='grc'>1126,</span> <span class='ocrx_word' id='word_1_165' title='bbox 1184 2541 1235 2607; x_wconf 94' lang='lat' dir='ltr'>IX</span> <span class='ocrx_word' id='word_1_166' title='bbox 1250 2543 1279 2626; x_wconf 85' lang='lat'>5,</span> <span class='ocrx_word' id='word_1_167' title='bbox 1306 2542 1359 2608; x_wconf 94' lang='lat' dir='ltr'>IX</span> <span class='ocrx_word' id='word_1_168' title='bbox 1374 2543 1416 2608; x_wconf 83' lang='lat'>32</span> 
     </span>
     <span class='ocr_line' id='line_1_22' title="bbox 240 2646 1416 2735; baseline 0 -20"><span class='ocrx_word' id='word_1_169' title='bbox 240 2647 476 2731; x_wconf 88' lang='lat' dir='ltr'>comparabilia</span> <span class='ocrx_word' id='word_1_170' title='bbox 503 2666 587 2729; x_wconf 88' lang='lat' dir='ltr'>quae</span> <span class='ocrx_word' id='word_1_171' title='bbox 615 2646 683 2713; x_wconf 91' lang='lat' dir='ltr'>sint</span> <span class='ocrx_word' id='word_1_172' title='bbox 712 2665 783 2715; x_wconf 91' lang='lat' dir='ltr'>cum</span> <span class='ocrx_word' id='word_1_173' title='bbox 807 2647 941 2715; x_wconf 77' lang='lat' dir='ltr'>Catonis</span> <span class='ocrx_word' id='word_1_174' title='bbox 964 2646 1128 2730; x_wconf 87' lang='lat' dir='ltr'>capitibus</span> <span class='ocrx_word' id='word_1_175' title='bbox 1152 2649 1192 2715; x_wconf 88' lang='grc'>91</span> <span class='ocrx_word' id='word_1_176' title='bbox 1222 2657 1257 2715; x_wconf 90' lang='lat' dir='ltr'>et</span> <span class='ocrx_word' id='word_1_177' title='bbox 1281 2650 1354 2735; x_wconf 91' lang='grc'>129,</span> <span class='ocrx_word' id='word_1_178' title='bbox 1372 2651 1416 2715; x_wconf 84' lang='grc'>45</span> 
     </span>
     <span class='ocr_line' id='line_1_23' title="bbox 240 2753 1417 2842; baseline 0.001 -20"><span class='ocrx_word' id='word_1_179' title='bbox 240 2753 467 2842; x_wconf 55' lang='grc'>61461178).</span> <span class='ocrx_word' id='word_1_180' title='bbox 513 2755 679 2838; x_wconf 89' lang='lat' dir='ltr'>Optimum</span> <span class='ocrx_word' id='word_1_181' title='bbox 703 2759 792 2822; x_wconf 88' lang='lat' dir='ltr'>certe</span> <span class='ocrx_word' id='word_1_182' title='bbox 819 2761 898 2837; x_wconf 93' lang='lat' dir='ltr'>puto</span> <span class='ocrx_word' id='word_1_183' title='bbox 926 2774 968 2822; x_wconf 83' lang='lat' dir='ltr'>ex</span> <span class='ocrx_word' id='word_1_184' title='bbox 996 2755 1045 2821; x_wconf 92' lang='lat' dir='ltr'>eis</span> <span class='ocrx_word' id='word_1_185' title='bbox 1073 2754 1163 2840; x_wconf 89' lang='lat' dir='ltr'>solis,</span> <span class='ocrx_word' id='word_1_186' title='bbox 1195 2755 1252 2837; x_wconf 89' lang='lat' dir='ltr'>qui</span> <span class='ocrx_word' id='word_1_187' title='bbox 1283 2756 1417 2823; x_wconf 88' lang='lat' dir='ltr'>uberius</span> 
     </span>
    </p>
   </div>
   <div class='ocr_carea' id='block_1_4' title="bbox 240 2912 1422 4232">
    <p class='ocr_par' dir='ltr' id='par_1_5' title="bbox 240 2912 1416 3073">
     <span class='ocr_line' id='line_1_24' title="bbox 328 2912 1416 2985; baseline 0.002 -18"><span class='ocrx_word' id='word_1_188' title='bbox 328 2914 350 2983; x_wconf 89' lang='lat'>¹)</span> <span class='ocrx_word' id='word_1_189' title='bbox 368 2912 489 2981; x_wconf 81' lang='lat' dir='ltr'>Boeckh,</span> <span class='ocrx_word' id='word_1_190' title='bbox 507 2913 654 2984; x_wconf 80' lang='lat' dir='ltr'>metrolog.</span> <span class='ocrx_word' id='word_1_191' title='bbox 670 2912 792 2982; x_wconf 73' lang='lat' dir='ltr'>Uetera,</span> <span class='ocrx_word' id='word_1_192' title='bbox 810 2912 882 2968; x_wconf 91' lang='lat' dir='ltr'>Berl.</span> <span class='ocrx_word' id='word_1_193' title='bbox 898 2913 976 2982; x_wconf 86' lang='grc'>1888,</span> <span class='ocrx_word' id='word_1_194' title='bbox 994 2931 1060 2985; x_wconf 81' lang='lat' dir='ltr'>pag.</span> <span class='ocrx_word' id='word_1_195' title='bbox 1077 2915 1118 2970; x_wconf 89' lang='grc'>19.</span> <span class='ocrx_word' id='word_1_196' title='bbox 1160 2914 1291 2981; x_wconf 88' lang='lat' dir='ltr'>Hultsoh,</span> <span class='ocrx_word' id='word_1_197' title='bbox 1311 2914 1416 2985; x_wconf 81' lang='lat' dir='ltr'>griech.</span> 
     </span>
     <span class='ocr_line' id='line_1_25' title="bbox 240 3001 1049 3073; baseline 0.001 -16"><span class='ocrx_word' id='word_1_198' title='bbox 240 3020 267 3058; x_wconf 88' lang='lat' dir='ltr'>u.</span> <span class='ocrx_word' id='word_1_199' title='bbox 285 3007 354 3058; x_wconf 81' lang='lat' dir='ltr'>rbm.</span> <span class='ocrx_word' id='word_1_200' title='bbox 373 3002 548 3073; x_wconf 76' lang='lat' dir='ltr'>Metrologia</span> <span class='ocrx_word' id='word_1_201' title='bbox 568 3003 610 3058; x_wconf 85' lang='lat' dir='ltr'>ed.</span> <span class='ocrx_word' id='word_1_202' title='bbox 626 3002 660 3070; x_wconf 89' lang='lat' dir='ltr'>II,</span> <span class='ocrx_word' id='word_1_203' title='bbox 678 3001 844 3070; x_wconf 79' lang='lat' dir='ltr'>Berl.1882,</span> <span class='ocrx_word' id='word_1_204' title='bbox 862 3020 927 3073; x_wconf 81' lang='lat' dir='ltr'>pag.</span> <span class='ocrx_word' id='word_1_205' title='bbox 941 3004 995 3058; x_wconf 85' lang='grc'>684</span> <span class='ocrx_word' id='word_1_206' title='bbox 1008 3021 1049 3072; x_wconf 84' lang='lat' dir='ltr'>sq.</span> 
     </span>
    </p>

    <p class='ocr_par' dir='ltr' id='par_1_6' title="bbox 241 3091 1422 4232">
     <span class='ocr_line' id='line_1_26' title="bbox 330 3091 1418 3164; baseline 0.001 -18"><span class='ocrx_word' id='word_1_207' title='bbox 330 3092 351 3161; x_wconf 76' lang='lat' dir='ltr'>a)</span> <span class='ocrx_word' id='word_1_208' title='bbox 368 3091 429 3146; x_wconf 84' lang='lat' dir='ltr'>Hae</span> <span class='ocrx_word' id='word_1_209' title='bbox 447 3091 592 3147; x_wconf 87' lang='lat' dir='ltr'>occasione</span> <span class='ocrx_word' id='word_1_210' title='bbox 614 3092 668 3147; x_wconf 88' lang='lat' dir='ltr'>hoo</span> <span class='ocrx_word' id='word_1_211' title='bbox 690 3091 803 3148; x_wconf 87' lang='lat' dir='ltr'>silentio</span> <span class='ocrx_word' id='word_1_212' title='bbox 825 3091 1050 3163; x_wconf 88' lang='lat' dir='ltr'>praetermittere</span> <span class='ocrx_word' id='word_1_213' title='bbox 1071 3093 1137 3148; x_wconf 89' lang='lat' dir='ltr'>nolo</span> <span class='ocrx_word' id='word_1_214' title='bbox 1160 3111 1228 3164; x_wconf 88' lang='lat' dir='ltr'>pras</span> <span class='ocrx_word' id='word_1_215' title='bbox 1246 3092 1309 3148; x_wconf 87' lang='lat' dir='ltr'>aliis</span> <span class='ocrx_word' id='word_1_216' title='bbox 1328 3093 1358 3147; x_wconf 89' lang='lat' dir='ltr'>in</span> <span class='ocrx_word' id='word_1_217' title='bbox 1378 3093 1418 3148; x_wconf 90' lang='lat' dir='ltr'>eis</span> 
     </span>
     <span class='ocr_line' id='line_1_27' title="bbox 241 3180 1418 3253; baseline 0.001 -17"><span class='ocrx_word' id='word_1_218' title='bbox 241 3181 382 3252; x_wconf 87' lang='lat' dir='ltr'>capitibus</span> <span class='ocrx_word' id='word_1_219' title='bbox 401 3198 464 3236; x_wconf 87' lang='lat' dir='ltr'>oum</span> <span class='ocrx_word' id='word_1_220' title='bbox 479 3180 592 3238; x_wconf 83' lang='lat' dir='ltr'>(latomis</span> <span class='ocrx_word' id='word_1_221' title='bbox 609 3181 683 3237; x_wconf 92' lang='lat' dir='ltr'>libro</span> <span class='ocrx_word' id='word_1_222' title='bbox 702 3180 886 3252; x_wconf 78' lang='lat' dir='ltr'>congruentia</span> <span class='ocrx_word' id='word_1_223' title='bbox 903 3180 1001 3250; x_wconf 86' lang='lat' dir='ltr'>inesse,</span> <span class='ocrx_word' id='word_1_224' title='bbox 1020 3199 1092 3251; x_wconf 85' lang='lat' dir='ltr'>quae</span> <span class='ocrx_word' id='word_1_225' title='bbox 1106 3181 1209 3238; x_wconf 88' lang='lat' dir='ltr'>lemma</span> <span class='ocrx_word' id='word_1_226' title='bbox 1220 3183 1337 3251; x_wconf 78' lang='grc' dir='ltr'>Διδύμου</span> <span class='ocrx_word' id='word_1_227' title='bbox 1349 3199 1418 3253; x_wconf 83' lang='lat' dir='ltr'>prae</span> 
     </span>
     <span class='ocr_line' id='line_1_28' title="bbox 241 3269 1417 3342; baseline 0.001 -17"><span class='ocrx_word' id='word_1_228' title='bbox 241 3287 271 3325; x_wconf 92' lang='lat' dir='ltr'>sc</span> <span class='ocrx_word' id='word_1_229' title='bbox 288 3270 390 3326; x_wconf 80' lang='lat' dir='ltr'>ferunt.</span> <span class='ocrx_word' id='word_1_230' title='bbox 426 3269 449 3325; x_wconf 77' lang='lat' dir='ltr'>n</span> <span class='ocrx_word' id='word_1_231' title='bbox 467 3271 569 3340; x_wconf 88' lang='lat' dir='ltr'>quibus</span> <span class='ocrx_word' id='word_1_232' title='bbox 587 3269 709 3327; x_wconf 84' lang='lat' dir='ltr'>tractavi</span> <span class='ocrx_word' id='word_1_233' title='bbox 727 3287 787 3341; x_wconf 85' lang='lat' dir='ltr'>cap.</span> <span class='ocrx_word' id='word_1_234' title='bbox 802 3269 894 3325; x_wconf 87' lang='lat' dir='ltr'>XVIII</span> <span class='ocrx_word' id='word_1_235' title='bbox 912 3271 929 3324; x_wconf 91' lang='lat'>8</span> <span class='ocrx_word' id='word_1_236' title='bbox 948 3274 977 3326; x_wconf 86' lang='lat' dir='ltr'>et</span> <span class='ocrx_word' id='word_1_237' title='bbox 996 3271 1030 3326; x_wconf 84' lang='lat'>15</span> <span class='ocrx_word' id='word_1_238' title='bbox 1046 3289 1111 3342; x_wconf 81' lang='lat' dir='ltr'>pag.</span> <span class='ocrx_word' id='word_1_239' title='bbox 1126 3273 1226 3341; x_wconf 70' lang='lat' dir='ltr'>usqq,</span> <span class='ocrx_word' id='word_1_240' title='bbox 1245 3271 1320 3327; x_wconf 86' lang='lat' dir='ltr'>valet</span> <span class='ocrx_word' id='word_1_241' title='bbox 1342 3271 1417 3326; x_wconf 91' lang='lat' dir='ltr'>idem</span> 
     </span>
     <span class='ocr_line' id='line_1_29' title="bbox 241 3359 1418 3431; baseline 0.001 -17"><span class='ocrx_word' id='word_1_242' title='bbox 241 3360 271 3415; x_wconf 89' lang='lat' dir='ltr'>in</span> <span class='ocrx_word' id='word_1_243' title='bbox 293 3360 384 3414; x_wconf 87' lang='lat' dir='ltr'>tribus</span> <span class='ocrx_word' id='word_1_244' title='bbox 406 3359 547 3430; x_wconf 87' lang='lat' dir='ltr'>capitibus</span> <span class='ocrx_word' id='word_1_245' title='bbox 570 3361 653 3415; x_wconf 89' lang='lat' dir='ltr'>modo</span> <span class='ocrx_word' id='word_1_246' title='bbox 676 3359 778 3427; x_wconf 86' lang='lat' dir='ltr'>allatis,</span> <span class='ocrx_word' id='word_1_247' title='bbox 802 3359 911 3415; x_wconf 84' lang='lat' dir='ltr'>accedit</span> <span class='ocrx_word' id='word_1_248' title='bbox 933 3376 993 3431; x_wconf 87' lang='lat' dir='ltr'>cap.</span> <span class='ocrx_word' id='word_1_249' title='bbox 1007 3361 1059 3415; x_wconf 90' lang='lat' dir='ltr'>XII</span> <span class='ocrx_word' id='word_1_250' title='bbox 1077 3361 1110 3416; x_wconf 89' lang='lat'>18</span> <span class='ocrx_word' id='word_1_251' title='bbox 1134 3361 1331 3418; x_wconf 85' lang='lat' dir='ltr'>eonferendum</span> <span class='ocrx_word' id='word_1_252' title='bbox 1354 3378 1418 3415; x_wconf 87' lang='lat' dir='ltr'>cum</span> 
     </span>
     <span class='ocr_line' id='line_1_30' title="bbox 242 3447 1419 3520; baseline 0.002 -17"><span class='ocrx_word' id='word_1_253' title='bbox 242 3447 356 3503; x_wconf 79' lang='lat' dir='ltr'>Catonis</span> <span class='ocrx_word' id='word_1_254' title='bbox 375 3465 436 3520; x_wconf 87' lang='lat' dir='ltr'>cap.</span> <span class='ocrx_word' id='word_1_255' title='bbox 448 3449 498 3504; x_wconf 90' lang='grc'>161</span> <span class='ocrx_word' id='word_1_256' title='bbox 518 3465 551 3504; x_wconf 86' lang='lat' dir='ltr'>ac</span> <span class='ocrx_word' id='word_1_257' title='bbox 568 3448 686 3504; x_wconf 79' lang='lat' dir='ltr'>fortasse</span> <span class='ocrx_word' id='word_1_258' title='bbox 705 3448 800 3520; x_wconf 87' lang='lat' dir='ltr'>capita</span> <span class='ocrx_word' id='word_1_259' title='bbox 818 3449 852 3503; x_wconf 89' lang='lat' dir='ltr'>de</span> <span class='ocrx_word' id='word_1_260' title='bbox 870 3448 972 3518; x_wconf 88' lang='lat' dir='ltr'>quibus</span> <span class='ocrx_word' id='word_1_261' title='bbox 990 3450 1134 3520; x_wconf 58' lang='lat' dir='ltr'>papii—I</span> <span class='ocrx_word' id='word_1_262' title='bbox 1153 3451 1263 3506; x_wconf 88' lang='lat' dir='ltr'>Iocutus</span> <span class='ocrx_word' id='word_1_263' title='bbox 1281 3450 1419 3505; x_wconf 89' lang='lat' dir='ltr'>sumVIII</span> 
     </span>
     <span class='ocr_line' id='line_1_31' title="bbox 244 3537 1418 3609; baseline 0.002 -17"><span class='ocrx_word' id='word_1_264' title='bbox 244 3537 277 3592; x_wconf 88' lang='lat'>18</span> <span class='ocrx_word' id='word_1_265' title='bbox 296 3540 325 3592; x_wconf 90' lang='lat' dir='ltr'>et</span> <span class='ocrx_word' id='word_1_266' title='bbox 343 3537 378 3593; x_wconf 88' lang='grc'>20</span> <span class='ocrx_word' id='word_1_267' title='bbox 396 3537 468 3606; x_wconf 90' lang='lat' dir='ltr'>ideo,</span> <span class='ocrx_word' id='word_1_268' title='bbox 491 3537 558 3606; x_wconf 88' lang='lat' dir='ltr'>quia</span> <span class='ocrx_word' id='word_1_269' title='bbox 579 3537 621 3593; x_wconf 93' lang='lat' dir='ltr'>ibi</span> <span class='ocrx_word' id='word_1_270' title='bbox 643 3541 792 3608; x_wconf 85' lang='lat' dir='ltr'>postquam</span> <span class='ocrx_word' id='word_1_271' title='bbox 815 3537 951 3593; x_wconf 78' lang='lat' dir='ltr'>nonnudla</span> <span class='ocrx_word' id='word_1_272' title='bbox 974 3538 1070 3609; x_wconf 89' lang='lat' dir='ltr'>capita</span> <span class='ocrx_word' id='word_1_273' title='bbox 1087 3538 1147 3594; x_wconf 85' lang='lat' dir='ltr'>sine</span> <span class='ocrx_word' id='word_1_274' title='bbox 1164 3539 1222 3594; x_wconf 93' lang='lat' dir='ltr'>ullo</span> <span class='ocrx_word' id='word_1_275' title='bbox 1240 3538 1354 3594; x_wconf 84' lang='lat' dir='ltr'>nomine</span> <span class='ocrx_word' id='word_1_276' title='bbox 1373 3556 1418 3594; x_wconf 87' lang='lat' dir='ltr'>ex·</span> 
     </span>
     <span class='ocr_line' id='line_1_32' title="bbox 243 3625 1420 3700; baseline 0.003 -20"><span class='ocrx_word' id='word_1_277' title='bbox 243 3627 349 3696; x_wconf 82' lang='lat' dir='ltr'>scripta</span> <span class='ocrx_word' id='word_1_278' title='bbox 366 3629 440 3694; x_wconf 86' lang='lat' dir='ltr'>sunt,</span> <span class='ocrx_word' id='word_1_279' title='bbox 458 3625 582 3696; x_wconf 89' lang='lat' dir='ltr'>primum</span> <span class='ocrx_word' id='word_1_280' title='bbox 600 3627 675 3696; x_wconf 89' lang='lat' dir='ltr'>quod</span> <span class='ocrx_word' id='word_1_281' title='bbox 693 3625 796 3682; x_wconf 86' lang='lat' dir='ltr'>lemma</span> <span class='ocrx_word' id='word_1_282' title='bbox 813 3627 900 3682; x_wconf 89' lang='lat' dir='ltr'>habet</span> <span class='ocrx_word' id='word_1_283' title='bbox 912 3629 983 3700; x_wconf 91' lang='lat' dir='ltr'>(cap.</span> <span class='ocrx_word' id='word_1_284' title='bbox 997 3629 1043 3698; x_wconf 87' lang='grc'>22)</span> <span class='ocrx_word' id='word_1_285' title='bbox 1066 3627 1141 3683; x_wconf 91' lang='lat' dir='ltr'>idem</span> <span class='ocrx_word' id='word_1_286' title='bbox 1158 3628 1275 3696; x_wconf 75' lang='grc' dir='ltr'>Διδύμου</span> <span class='ocrx_word' id='word_1_287' title='bbox 1293 3629 1420 3684; x_wconf 87' lang='lat' dir='ltr'>ostendit</span> 
     </span>
     <span class='ocr_line' id='line_1_33' title="bbox 242 3715 1420 3788; baseline 0.003 -19"><span class='ocrx_word' id='word_1_288' title='bbox 242 3731 353 3770; x_wconf 85' lang='lat' dir='ltr'>nomen.</span> <span class='ocrx_word' id='word_1_289' title='bbox 389 3715 469 3783; x_wconf 89' lang='lat' dir='ltr'>Nam,</span> <span class='ocrx_word' id='word_1_290' title='bbox 491 3718 525 3772; x_wconf 87' lang='lat' dir='ltr'>ut</span> <span class='ocrx_word' id='word_1_291' title='bbox 546 3732 597 3787; x_wconf 90' lang='lat' dir='ltr'>per</span> <span class='ocrx_word' id='word_1_292' title='bbox 620 3732 649 3771; x_wconf 87' lang='lat' dir='ltr'>se</span> <span class='ocrx_word' id='word_1_293' title='bbox 671 3715 821 3772; x_wconf 87' lang='lat' dir='ltr'>verisimile</span> <span class='ocrx_word' id='word_1_294' title='bbox 844 3719 894 3785; x_wconf 85' lang='lat' dir='ltr'>est,</span> <span class='ocrx_word' id='word_1_295' title='bbox 917 3716 960 3773; x_wconf 85' lang='lat' dir='ltr'>ita</span> <span class='ocrx_word' id='word_1_296' title='bbox 982 3733 1064 3788; x_wconf 86' lang='lat' dir='ltr'>saepe</span> <span class='ocrx_word' id='word_1_297' title='bbox 1082 3717 1174 3772; x_wconf 85' lang='lat' dir='ltr'>adhuc</span> <span class='ocrx_word' id='word_1_298' title='bbox 1192 3717 1371 3788; x_wconf 72' lang='lat' dir='ltr'>cognoscitur</span> <span class='ocrx_word' id='word_1_299' title='bbox 1389 3717 1420 3772; x_wconf 92' lang='lat' dir='ltr'>id</span> 
     </span>
     <span class='ocr_line' id='line_1_34' title="bbox 243 3802 1419 3877; baseline 0.004 -19"><span class='ocrx_word' id='word_1_300' title='bbox 243 3821 331 3876; x_wconf 79' lang='lat' dir='ltr'>genus</span> <span class='ocrx_word' id='word_1_301' title='bbox 349 3802 549 3874; x_wconf 88' lang='lat' dir='ltr'>epitomatorss</span> <span class='ocrx_word' id='word_1_302' title='bbox 567 3805 592 3860; x_wconf 88' lang='lat' dir='ltr'>si</span> <span class='ocrx_word' id='word_1_303' title='bbox 609 3805 702 3860; x_wconf 87' lang='lat' dir='ltr'>miuus</span> <span class='ocrx_word' id='word_1_304' title='bbox 720 3821 816 3860; x_wconf 87' lang='lat' dir='ltr'>omnes</span> <span class='ocrx_word' id='word_1_305' title='bbox 834 3808 960 3861; x_wconf 86' lang='lat' dir='ltr'>attamen</span> <span class='ocrx_word' id='word_1_306' title='bbox 979 3805 1135 3877; x_wconf 87' lang='lat' dir='ltr'>complures</span> <span class='ocrx_word' id='word_1_307' title='bbox 1154 3805 1277 3862; x_wconf 88' lang='lat' dir='ltr'>eiusdem</span> <span class='ocrx_word' id='word_1_308' title='bbox 1295 3807 1419 3862; x_wconf 83' lang='lat' dir='ltr'>auctoris</span> 
     </span>
     <span class='ocr_line' id='line_1_35' title="bbox 242 3893 1419 3967; baseline 0.003 -19"><span class='ocrx_word' id='word_1_309' title='bbox 242 3894 319 3949; x_wconf 84' lang='lat' dir='ltr'>loooa</span> <span class='ocrx_word' id='word_1_310' title='bbox 337 3893 468 3966; x_wconf 85' lang='lat' dir='ltr'>deinceps</span> <span class='ocrx_word' id='word_1_311' title='bbox 487 3895 642 3952; x_wconf 86' lang='lat' dir='ltr'>exscribere</span> <span class='ocrx_word' id='word_1_312' title='bbox 660 3894 758 3951; x_wconf 84' lang='lat' dir='ltr'>solitos</span> <span class='ocrx_word' id='word_1_313' title='bbox 776 3912 835 3952; x_wconf 87' lang='lat' dir='ltr'>esse</span> <span class='ocrx_word' id='word_1_314' title='bbox 852 3895 898 3966; x_wconf 75' lang='lat' dir='ltr'>(ct</span> <span class='ocrx_word' id='word_1_315' title='bbox 913 3896 1106 3964; x_wconf 88' lang='lat' dir='ltr'>Waohsmuth,</span> <span class='ocrx_word' id='word_1_316' title='bbox 1124 3895 1203 3952; x_wconf 83' lang='lat' dir='ltr'>Stud.</span> <span class='ocrx_word' id='word_1_317' title='bbox 1221 3915 1256 3950; x_wconf 81' lang='lat' dir='ltr'>zu</span> <span class='ocrx_word' id='word_1_318' title='bbox 1272 3897 1299 3952; x_wconf 94' lang='lat' dir='ltr'>d.</span> <span class='ocrx_word' id='word_1_319' title='bbox 1312 3896 1419 3967; x_wconf 81' lang='lat' dir='ltr'>griech.</span> 
     </span>
     <span class='ocr_line' id='line_1_36' title="bbox 243 3981 1422 4057; baseline 0.003 -19"><span class='ocrx_word' id='word_1_320' title='bbox 243 3981 422 4055; x_wconf 77' lang='lat' dir='ltr'>FlorilegIen,</span> <span class='ocrx_word' id='word_1_321' title='bbox 449 3983 521 4041; x_wconf 90' lang='lat' dir='ltr'>Berl.</span> <span class='ocrx_word' id='word_1_322' title='bbox 543 3984 619 4053; x_wconf 90' lang='grc'>1882,</span> <span class='ocrx_word' id='word_1_323' title='bbox 646 4001 711 4056; x_wconf 85' lang='lat' dir='ltr'>pag.</span> <span class='ocrx_word' id='word_1_324' title='bbox 731 3985 791 4053; x_wconf 79' lang='lat'>117,</span> <span class='ocrx_word' id='word_1_325' title='bbox 809 3985 879 4055; x_wconf 88' lang='grc'>160).</span> <span class='ocrx_word' id='word_1_326' title='bbox 927 3985 1016 4042; x_wconf 87' lang='lat' dir='ltr'>Locus</span> <span class='ocrx_word' id='word_1_327' title='bbox 1046 3985 1179 4055; x_wconf 88' lang='lat' dir='ltr'>denique,</span> <span class='ocrx_word' id='word_1_328' title='bbox 1207 4002 1290 4055; x_wconf 88' lang='lat' dir='ltr'>quem</span> <span class='ocrx_word' id='word_1_329' title='bbox 1319 3989 1422 4057; x_wconf 88' lang='lat' dir='ltr'>postea</span> 
     </span>
     <span class='ocr_line' id='line_1_37' title="bbox 244 4073 1420 4146; baseline 0.003 -18"><span class='ocrx_word' id='word_1_330' title='bbox 244 4074 320 4145; x_wconf 79' lang='lat' dir='ltr'>(pag.</span> <span class='ocrx_word' id='word_1_331' title='bbox 333 4073 445 4143; x_wconf 71' lang='lat' dir='ltr'>idsqq.)</span> <span class='ocrx_word' id='word_1_332' title='bbox 462 4074 600 4143; x_wconf 84' lang='lat' dir='ltr'>tractabo,</span> <span class='ocrx_word' id='word_1_333' title='bbox 618 4073 671 4129; x_wconf 86' lang='lat' dir='ltr'>XII</span> <span class='ocrx_word' id='word_1_334' title='bbox 690 4074 723 4129; x_wconf 89' lang='lat' dir='ltr'>l&#39;l</span> <span class='ocrx_word' id='word_1_335' title='bbox 740 4074 869 4143; x_wconf 81' lang='grc' dir='ltr'><strong><em>Ποξάμοο</em></strong></span> <span class='ocrx_word' id='word_1_336' title='bbox 887 4074 990 4131; x_wconf 88' lang='lat' dir='ltr'>lemma</span> <span class='ocrx_word' id='word_1_337' title='bbox 1007 4075 1133 4146; x_wconf 88' lang='lat' dir='ltr'>praebet,</span> <span class='ocrx_word' id='word_1_338' title='bbox 1151 4092 1235 4144; x_wconf 87' lang='lat' dir='ltr'>quem</span> <span class='ocrx_word' id='word_1_339' title='bbox 1253 4074 1420 4145; x_wconf 87' lang='lat' dir='ltr'>scriptorem</span> 
     </span>
     <span class='ocr_line' id='line_1_38' title="bbox 244 4160 1420 4232; baseline 0.003 -17"><span class='ocrx_word' id='word_1_340' title='bbox 244 4160 326 4216; x_wconf 86' lang='lat' dir='ltr'>t&#39;aeiie</span> <span class='ocrx_word' id='word_1_341' title='bbox 350 4178 413 4215; x_wconf 89' lang='lat' dir='ltr'>eum</span> <span class='ocrx_word' id='word_1_342' title='bbox 431 4160 551 4232; x_wconf 82' lang='lat' dir='ltr'>Didymo</span> <span class='ocrx_word' id='word_1_343' title='bbox 574 4162 708 4216; x_wconf 71' lang='lat' dir='ltr'>contundi</span> <span class='ocrx_word' id='word_1_344' title='bbox 730 4161 855 4231; x_wconf 85' lang='lat' dir='ltr'>potuisse</span> <span class='ocrx_word' id='word_1_345' title='bbox 878 4161 969 4219; x_wconf 81' lang='lat' dir='ltr'>elucet</span> <span class='ocrx_word' id='word_1_346' title='bbox 991 4179 1026 4217; x_wconf 89' lang='lat' dir='ltr'>ex</span> <span class='ocrx_word' id='word_1_347' title='bbox 1048 4161 1097 4230; x_wconf 88' lang='lat' dir='ltr'>eis,</span> <span class='ocrx_word' id='word_1_348' title='bbox 1120 4179 1192 4231; x_wconf 89' lang='lat' dir='ltr'>quae</span> <span class='ocrx_word' id='word_1_349' title='bbox 1211 4162 1291 4231; x_wconf 88' lang='lat' dir='ltr'>Oder,</span> <span class='ocrx_word' id='word_1_350' title='bbox 1317 4162 1360 4216; x_wconf 87' lang='lat' dir='ltr'>vir</span> <span class='ocrx_word' id='word_1_351' title='bbox 1385 4165 1420 4219; x_wconf 88' lang='lat' dir='ltr'>de</span> 
     </span>
    </p>
   </div>
   <div class='ocr_carea' id='block_1_5' title="bbox 0 0 1480 4808">
    <p class='ocr_par' dir='ltr' id='par_1_7' title="bbox 0 0 1480 4808">
     <span class='ocr_line' id='line_1_39' title="bbox 0 0 1480 4808; baseline 0 0"><span class='ocrx_word' id='word_1_352' title='bbox 0 0 1480 4808; x_wconf 95' lang='lat' dir='ltr'> </span> 
     </span>
    </p>
   </div>
  </div>
 </body>
</html>
