2932 4808
827 937 1169 1332 NColumella

986 1593 1163 1662 Palladius

737 2013 918 2099 geopouioa

237 2214 311 2281 Hoc
338 2213 413 2279 loeo
440 2208 539 2277 hodie
561 2209 654 2277 nobis
678 2209 922 2276 consistendum
949 2226 1022 2276 esse
1045 2207 1207 2288 videmus;
1234 2225 1310 2274 nam
1338 2210 1419 2287 quot

240 2324 275 2386 ct
301 2318 357 2402 qui
384 2316 483 2384 medii
510 2316 719 2383 intercedant
745 2315 834 2382 inter
858 2315 985 2382 Celsum
1008 2319 1043 2381 et
1065 2333 1151 2396 eum,
1179 2314 1236 2394 qui
1259 2313 1418 2399 geoponi·

238 2445 351 2493 corum
375 2425 485 2508 capita
512 2423 576 2491 illa
603 2424 639 2491 iu
662 2441 780 2506 corpus
803 2421 983 2508 congessit,
1011 2423 1183 2491 obscurum
1205 2420 1416 2505 relinquitur3

240 2552 282 2600 ne
311 2533 372 2599 hoc
403 2530 532 2613 quidem
563 2529 696 2613 scimus,
730 2535 838 2597 utrum
867 2529 1014 2597 Palladii
1049 2530 1232 2613 exemplum
1261 2528 1416 2596 Latinum

239 2639 342 2708 fuerit
363 2658 407 2706 an
430 2637 633 2726 Graecum1).
678 2637 718 2704 In
745 2655 903 2719 praesens
931 2641 1043 2704 autem
1065 2636 1221 2705 ‘contenti
1244 2636 1346 2702 simus
1368 2635 1419 2702 in-

241 2747 366 2816 ventis:
399 2745 525 2828 aliquid
555 2744 693 2813 veritati
724 2750 759 2813 et
790 2744 916 2828 posteri
943 2744 1123 2812 conferant
1155 2743 1243 2830 (Sem
1269 2748 1337 2812 nat.
1366 2761 1417 2824 qu.

240 2852 307 2919 VH
321 2854 373 2937 25,
387 2853 430 2939 7)

330 2959 397 3027 Sed
420 2961 462 3026 ‹le
484 2958 535 3025 his
559 2959 643 3027 locis
665 2947 747 3027 baec
769 2959 940 3041 hacteuus3
969 2964 1098 3026 restant
1121 2959 1165 3043 ei,
1188 2957 1306 3040 quibus
1330 2959 1419 3042 apud

240 3066 451 3136 'Columellam
477 3065 681 3149 respondens
712 3065 796 3133 nihil
827 3065 1068 3133 inveniebatur.
1112 3065 1299 3134 Proximum
1329 3065 1421 3132 haud

242 3173 309 3243 scio
332 3192 376 3241 an
398 3175 461 3242 boo
483 3171 528 3240 sit
549 3178 667 3257 putare
690 3177 728 3239 ut
749 3172 817 3258 illa,
839 3173 891 3239 ita
911 3173 995 3240 baec
1018 3191 1146 3256 quoque
1163 3178 1343 3256 praecepta
1361 3192 1420 3255 peu

242 3281 369 3349 Celsum
397 3280 433 3348 in
463 3281 627 3349 Graecum
658 3279 777 3348 librum
806 3281 940 3364 perlata
968 3297 1050 3347 esse.
1103 3281 1256 3347 Alteram
1288 3280 1421 3363 aperuit

241 3389 328 3458 viam
357 3387 519 3455 Ricardus
549 3387 692 3472 Heium,
721 3387 778 3470 qui
799 3386 960 3455 Varronis
988 3387 1025 3454 in
1054 3387 1244 3471 geoponicis
1274 3387 1421 3474 vestigia.

242 3501 433 3579 persecutus
456 3498 628 3577 utrumque
652 3513 693 3561 ex
716 3494 829 3562 eodem
851 3495 908 3562 vel
927 3492 1087 3561 similibus
1105 3492 1251 3562 fontibus
1269 3494 1421 3562 hausisse

244 3600 426 3686 coniecitil.
458 3601 583 3668 Fateor
604 3621 656 3669 me
678 3601 784 3685 ipsum
802 3605 976 3683 antequam
996 3601 1197 3669 columellae
1221 3606 1256 3668 et
1272 3601 1422 3669 Palladii

244 3711 347 3793 locos,
369 3727 449 3791 quos
471 3727 573 3792 supra
595 3708 757 3794 congessi,
779 3727 935 3778 noveram
963 3728 1073 3777 omues
1100 3709 1161 3778 has
1189 3708 1422 3776 similitudines

332 3921 354 3992 ¹)
373 3919 407 3975 oi.
421 3921 597 3989 Baumstarlr,
616 3920 836 3978 lucubrationes
851 3920 1064 3992 Syro-Graecae,
1082 3920 1179 3977 Jahrb.
1194 3918 1213 3976 f.
1227 3920 1307 3977 cluss.
1319 3920 1423 3978 Philol.

245 4009 336 4081 suppl.
349 4009 393 4079 21,
406 4009 468 4066 391.
480 4009 541 4067 400.

333 4097 559 4170 'JCommeutat
577 4099 676 4170 philol.
700 4099 802 4169 quibus
825 4098 924 4155 Ottoni
945 4099 1102 4156 'Ribbeckio
1125 4101 1360 4173 congratulantur
1382 4100 1424 4157 ui-

245 4186 346 4259 scipuli
364 4187 439 4260 Lips.
454 4187 532 4259 1888,
549 4204 615 4260 pag.
628 4189 689 4246 lea.
