2932 4808
626 330 848 395 ..23-

146 527 286 605 turgent
304 523 387 589 etsi
407 523 569 590 condolet
588 523 665 591 etsi
679 524 771 592 iecur
785 529 844 591 aut
896 527 1050 611 πονηρόν·
1070 527 1147 592 ἀλλὰ
1168 531 1230 603 ναί,
1253 532 1285 594 εἴ
1299 555 1326 594 ιι

146 632 318 713 pulmones
345 635 404 696 aut
430 630 632 714 praecordia,
654 649 718 698 uno
740 632 842 699 verbo
896 634 1324 719 προϋπάρχειέκβόδδεικαί,

96 738 98 745 “
149 736 260 804 omnia
288 755 369 804 sana
395 735 499 804 faciet
525 736 613 804 intro
644 756 728 820 quae
759 738 842 805 (loli-
897 742 962 804 εἴτι
975 742 1160 824 ἀμαύρωμα
1174 743 1245 826 περὶ
1253 743 1326 814 τοὺς

147 844 276 910 tabunt.
290 844 402 911 eodem
416 843 546 927 silpium
555 843 709 929 inradito,
722 845 842 911 bonum
897 847 1097 931 δμδαλμαύς,
1126 849 1230 913 παύει·
1272 851 1326 914 καὶ

147 955 207 1018 est.
237 970 312 1018 nam
342 969 447 1021 venae
476 969 586 1017 omnes
608 950 665 1018 ubi
688 951 842 1019 sufflatae
896 955 1063 1037 πνιγμαύς,
1098 955 1152 1018 καὶ
1182 956 1223 1019 in
1254 957 1326 1040 περὶ

146 1063 225 1124 sunt
248 1076 290 1124 ex
308 1057 390 1142 cibo,
415 1077 482 1126 non
499 1061 638 1140 possunt
655 1058 843 1142 perspirare
896 1059 931 1125 ιδ
968 1061 1154 1145 διάφραγμα
1197 1063 1251 1126 καὶ
1287 1062 1324 1126 ιδ

146 1163 181 1230 in
206 1167 278 1232 totu
303 1183 452 1247 corpore:
485 1164 561 1233 inde
584 1165 689 1247 aliqui
712 1167 842 1233 morbus
896 1167 1090 1251 ὑποχόνδρια
1119 1171 1151 1232 εἴ
1172 1193 1199 1233 τι
1224 1193 1323 1253 προσ-

147 1270 306 1338 nascitur.
329 1271 386 1339 ubi
401 1291 443 1339 ex
456 1272 557 1339 multo
577 1272 650 1340 cibo
666 1274 762 1341 alvus
776 1292 842 1340 non
896 1277 996 1338 πίπτει
1025 1276 1151 1350 ἄτοπον,
1181 1277 1234 1340 καὶ
1263 1277 1323 1340 ὅσα

145 1378 183 1463 it,
206 1397 268 1460 pro
290 1378 438 1461 portione
457 1381 607 1447 brassica
624 1379 653 1446 si
672 1379 785 1464 uteris,
807 1379 842 1446 iu
897 1382 1019 1465 σπληνί·
1034 1381 1089 1446 ε’δν
1104 1381 1123 1466 ἦ
1139 1384 1322 1467 εὐμεγέθης,

145 1490 185 1551 ut
202 1487 239 1552 te
257 1503 381 1570 moneo,
398 1485 484 1553 nihil
497 1486 633 1553 istorum
646 1505 707 1554 usu
721 1486 841 1555 veniet.
895 1488 1077 1553 ταπεινώσει
1099 1490 1206 1554 αὐτόν·
1242 1490 1324 1573 ιιρδς

144 1612 261 1662 verum
296 1594 443 1660 morbum
483 1592 713 1661 articularium
748 1594 843 1661 nuilla
895 1620 927 1659 τε
969 1595 1042 1666 τοὺς
1078 1597 1325 1680 μελαγχολικαδς

144 1719 200 1767 res
219 1705 287 1767 tam
304 1704 435 1785 purgat
454 1719 551 1783 quam
567 1700 717 1768 brassica
731 1702 841 1786 cruda,
895 1702 1325 1788 bavaccrbiailcmiaraaa·

144 1807 176 1874 si
204 1809 283 1874 edes
311 1806 473 1875 concisam
501 1813 536 1874 et
561 1814 669 1874 rutam
696 1812 732 1875 et
759 1807 842 1875 cori-
895 1810 1041 1892 ιιαδαίρει
1057 1809 1183 1892 γδριὰς
1196 1811 1323 1894 φλέβας.

143 1914 285 1982 andrum
322 1914 481 1981 concisam
518 1913 639 1982 siccam
672 1920 708 1980 et
736 1917 842 1982 laser·
896 1915 1023 1999 3Πρδς
1046 1915 1080 1980 δὲ
1103 1915 1139 1980 ιδ
1158 1917 1324 2000 ἀρδριιικδ

142 2020 264 2104 pilium
282 2018 425 2088 inrasum
446 2027 480 2088 et
494 2021 675 2090 brassicam
690 2040 732 2088 ex
745 2027 841 2090 aceto
896 2025 955 2088 οὐκ
970 2025 1049 2088 ἔστιν
1062 2025 1323 2106 ἕνερονιαιαῦιον,

143 2126 292 2211 oxymeli
315 2133 350 2195 et
372 2130 446 2195 sale
468 2148 624 2211 sparsam.
663 2130 682 2195 8
706 2130 789 2196 haec
813 2129 842 2196 si
896 2130 1128 2214 οῖανῆιιράμβη
1137 2132 1322 2214 συγκειμένη

142 2234 264 2319 uteris,
273 2235 376 2302 omnis
385 2234 545 2303 articulos
554 2235 680 2318 poteris
690 2235 841 2318 experiri.
896 2238 980 2301 οὕτω
995 2237 1049 2300 καὶ
1059 2236 1208 2321 διδομένη
1223 2239 1324 2322 νήαιει

895 2341 988 2426 πρωΐ.

236 2466 353 2552 Pergit
382 2467 477 2534 Cato:
511 2467 629 2534 ‘nullus
661 2472 808 2551 sumptus
836 2470 899 2553 est,
927 2471 962 2532 et
991 2465 1020 2532 si
1049 2470 1197 2550 sumptus
1227 2473 1324 2552 esset,

141 2582 258 2644 tamen
279 2574 482 2643 valetudinis
505 2594 605 2642 causa
627 2574 787 2658 experire.
810 2576 895 2641 hanc
917 2578 1047 2657 oportet
1068 2593 1163 2640 mane
1181 2574 1322 2642 ieiunum

142 2701 227 2751 esse.
250 2681 408 2750 insomnis
431 2683 534 2764 siquis
558 2681 901 2768 estvelseniosus1),
928 2682 991 2748 hac
1015 2683 1128 2748 eadem
1152 2682 1323 2749 curatione

141 2809 260 2858 sanum
282 2788 394 2858 facies.
417 2808 529 2860 verum
549 2809 656 2857 assam
675 2789 856 2856 brassicam
876 2794 911 2856 et
929 2793 1061 2856 unctam
1081 2790 1219 2873 caldam,
1241 2789 1323 2855 salis

141 2901 281 2983 paulum
306 2900 383 2966 dato
407 2896 530 2965 homini
553 2897 671 2965 ieiuno.
696 2897 983 2980 quamplurimum
1008 2896 1123 2981 ederit,
1146 2901 1216 2966 tam
1235 2896 1321 2964 citis·

142 3006 227 3073 sime
250 3024 349 3072 sanus
371 3005 429 3072 liet
452 3024 493 3072 ex
516 3023 555 3071 eo
579 3006 708 3071 morbo!
754 3005 836 3071 Tum
859 3009 1051 3086 sequuntur:

237 3130 332 3198 (lato
348 3132 421 3215 156,
436 3132 469 3197 5:
492 3150 547 3200 ve·
664 3130 757 3198 Cato
775 3132 847 3213 157,
859 3131 893 3196 9:
907 3135 974 3196 tor·
1092 3128 1242 3196 Oribas.
1259 3130 1322 3212 §4:

141 3257 217 3306 rum
256 3238 372 3320 quibus
407 3237 547 3304 tormina
574 3237 663 3305 mina
685 3238 805 3321 quibus
833 3239 975 3303 molesta
1003 3235 1094 3320 Πρὸς
1108 3236 1143 3300 δὲ
1161 3236 1232 3307 τοὺς
1247 3237 1322 3300 δυα-

142 3346 290 3411 molesta
303 3350 409 3428 erunt,
424 3345 548 3411 brassi-
574 3344 975 3430 eruntsicfacitobrassi-
1002 3343 1174 3427 εντεριιιαδς
1200 3343 1249 3408 δεῖ
1269 3350 1323 3426 τῆς

142 3470 218 3518 cam
255 3470 340 3533 aqua
377 3471 547 3518 macerare
575 3471 644 3520 cam
680 3456 846 3518 macerato
881 3452 975 3535 bene,
1002 3451 1151 3535 κράμβης
1170 3449 1323 3534 λαβόντας

142 3563 286 3641 oportet.
309 3559 367 3627 ubi
380 3564 547 3626 macerata
573 3563 691 3641 postea
718 3558 753 3625 in
776 3561 885 3626 aulam
909 3557 974 3625 coi·
1002 3560 1044 3629 εἰς
1072 3557 1164 3639 ὕδωρ
1195 3557 1323 3640 δαψιλὲς

142 3664 220 3749 erit,
244 3664 362 3733 coicito
379 3665 546 3748 inaquam
574 3665 648 3746 cito,
664 3663 904 3733 defervefacito
918 3666 975 3732 be·
1003 3665 1189 3748 διιοβρέχειν
1201 3663 1245 3738 εὖ,
1260 3664 1322 3729 εἶτα

141 3772 303 3856 calidam,
332 3772 463 3854 coquito
493 3792 547 3840 us·
573 3791 623 3839 ne.
646 3771 703 3840 ubi
726 3777 822 3839 cocta
841 3772 906 3838 erit
919 3773 974 3839 be·
1002 3771 1322 3855 δμβάλλανιαεῑςδερ-

140 3898 207 3963 que
222 3880 327 3946 donec
341 3879 547 3947 conmadebit
574 3898 624 3964 ne,
651 3898 770 3961 aquam
790 3877 973 3945 defundito.
1000 3878 1065 3962 μδν
1100 3878 1192 3962 ὕδωρ
1225 3879 1321 3961 ἕψειν,

236 4093 258 4162 ²)
283 4091 344 4146 Hoc
362 4092 424 4147 loco
442 4095 550 4148 textum
569 4090 663 4162 recepi
688 4090 819 4146 editionis
842 4089 986 4145 Keilianae
1012 4088 1128 4144 minoris
1151 4088 1218 4145 anni
1244 4089 1321 4157 1⁸95,

138 4183 251 4255 qnippe
269 4181 319 4250 qui
337 4197 405 4252 prae
424 4181 551 4238 codicum
571 4181 688 4236 obscuro
708 4180 905 4251 comprobetur
923 4178 1009 4234 Plinii
1022 4179 1056 4249 ἕο
1073 4179 1116 4235 82.
