2932 4808
623 300 846 366 ..10-

237 494 328 561 Bane
365 493 397 560 ei
434 495 519 576 quod
556 495 650 561 modo
687 491 886 561 absolvimus
918 498 1129 575 praeceptum
1161 494 1325 574 quoddam

146 599 351 685 adiungitur,
384 601 471 683 quod
501 600 586 667 idem
620 618 748 682 quoque
780 602 824 666 ad
855 618 954 683 pecus
992 601 1135 683 quadrat
1171 601 1324 683 quodque

145 708 233 790 apud
263 707 420 775 Catonem
451 707 592 793 legimus
623 706 721 791 paulo
754 712 829 790 post
859 707 946 774 illud
977 706 1013 773 in
1043 709 1206 790 cap.103.
1258 708 1323 774 Hic

146 813 276 897 quidem
309 816 400 882 solus
431 814 557 899 Nicias,
590 821 629 883 ut
660 820 775 897 postea
806 813 841 881 in
874 813 945 882 eius
977 813 1247 882 adnotationibus
1279 816 1322 882 ad

147 940 240 1005 geop.
263 921 320 990 lib.
339 921 440 989 XVII
461 923 503 988 28
534 927 569 990 66
600 923 640 988 14
672 931 755 991 extr.
783 941 858 1007 pag.
879 923 965 989 1166
999 927 1034 989 66
1067 922 1152 989 1156
1185 920 1270 1005 1161,
1302 942 1323 989 6

146 1026 271 1096 (latone
294 1028 423 1111 aliquid
445 1027 552 1096 simile
574 1028 725 1112 praecipi
748 1028 994 1097 animadvertit.
1045 1027 1167 1113 Agitur
1190 1030 1232 1096 66
1254 1029 1320 1095 his:

234 1135 330 1203 (lato
354 1136 528 1219 cap.103:
557 1136 666 1205 Boves
694 1135 744 1204 uti
766 1137 904 1206 ualeant
932 1140 967 1202 66
990 1135 1097 1202 curati
1119 1136 1204 1202 bene
1227 1134 1323 1220 sient,

145 1249 180 1311 et
203 1243 260 1326 qui
281 1242 457 1311 fastidient
480 1242 596 1328 cibum,
623 1242 674 1310 uti
700 1243 807 1328 magis
831 1242 949 1326 cupide
973 1243 1143 1325 adpetant,
1164 1243 1322 1325 pabulum

144 1353 231 1432 quod
245 1350 488 1421 dabisamurea
502 1350 664 1436 spargito;
688 1350 793 1434 primo
807 1350 985 1434 paululum,
1007 1351 1084 1416 dum
1097 1356 1323 1433 consuescant,

143 1463 260 1542 postea
281 1458 386 1544 magis
410 1478 477 1542 666.

233 1585 338 1650 geop.
353 1565 419 1634 lib.
433 1565 535 1633 XVII
549 1567 605 1633 28:
628 1566 711 1650 Περὶ
723 1567 900 1632 κακοσίτου.
931 1567 995 1650 ibo
1008 1566 1130 1650 τροφὴν
1143 1566 1320 1649 serapoeu-

143 1674 213 1739 τὲσν
234 1674 379 1758 ἀμόργης
401 1673 437 1739 τὸ
459 1676 588 1757 ἀρκοῦν.

234 1779 329 1865 Quod
356 1779 438 1848 Octo
465 1779 738 1849 luculentioribus
766 1786 801 1847 et
827 1778 978 1863 pluribus
1006 1779 1129 1863 verbis,
1156 1781 1218 1847 hoo
1245 1799 1323 1864 geo·

143 1887 331 1971 punicorum
354 1894 471 1956 auctor
493 1890 664 1956 admodum
688 1887 837 1956 breviter
858 1887 912 1974 hie
935 1887 1192 1972 comprehendit,
1215 1888 1322 1955 itaut

146 1995 207 2062 hoo
244 1995 315 2063 loco
352 1999 410 2066 vel
446 1996 567 2064 titulus
599 1997 812 2063 arcessendus
848 1993 907 2079 sit,
943 1999 981 2062 66
1012 1993 1176 2062 dilucidus
1207 2012 1322 2062 sensus

147 2101 311 2188 evadat1).
356 2103 482 2170 Rursus
512 2101 880 2170 editoresdolumellae
910 2103 1070 2185 quendam
1103 2103 1208 2168 locum
1237 2121 1322 2169 eom-

145 2216 347 2292 paraverunt
370 2227 508 2291 eumque
521 2210 570 2276 VI
593 2212 624 2294 4,
646 2210 677 2294 4,
700 2229 794 2291 quem
816 2215 933 2294 postea
954 2208 1115 2294 Vegetius
1129 2209 1182 2275 111
1195 2207 1253 2295 (=
1272 2209 1321 2275 IV

144 2318 193 2384 66.
208 2316 401 2404 Schneider)
426 2319 455 2401 2,
480 2319 519 2384 11
545 2316 718 2384 manifesto
742 2318 934 2385 exscribens
958 2316 1221 2400 deprehenditur.
1254 2315 1322 2384 Sed

143 2425 231 2507 apud
252 2424 312 2492 hos
334 2423 367 2490 in
390 2423 579 2493 universum
602 2425 643 2491 66
666 2424 867 2493 salubritate
890 2442 1048 2508 amurcae,
1071 2442 1167 2506 quam
1186 2424 1321 2506 saepius

142 2531 254 2614 pecori
285 2534 444 2614 praebere
476 2551 495 2598 6
526 2551 563 2599 16
596 2532 653 2615 616,
685 2531 813 2618 agitur,
845 2551 910 2614 qua
947 2530 1131 2615 occasione,
1162 2549 1204 2598 ne
1235 2531 1321 2597 hanc

142 2639 308 2721 potionem
335 2645 498 2722 recusent,
524 2640 691 2724 suadetur,
720 2645 759 2707 ut
785 2638 922 2723 primum
945 2638 1075 2723 quidem
1104 2638 1172 2706 cibi
1199 2657 1240 2705 ea
1263 2638 1321 2705 ad·

142 2752 353 2831 spergantur:
373 2752 473 2830 atque
491 2746 526 2813 16
544 2747 605 2814 hoc
624 2752 696 2814 tota
716 2746 897 2815 similitudo
913 2746 1110 2830 continetur,
1129 2745 1170 2812 de
1184 2744 1320 2812 fastidio

143 2857 253 2920 autem
276 2854 420 2922 6166166
442 2852 585 2937 scriptor
602 2853 657 2922 hie
676 2854 808 2938 quidem
832 2854 965 2921 omnino
982 2859 1082 2937 tacet,
1104 2872 1178 2921 cum
1195 2854 1238 2919 de
1255 2853 1320 2920 hac

142 2980 180 3027 re
208 2980 277 3045 cap.
296 2960 345 3028 VI
365 2963 395 3046 8,
419 2964 448 3045 2,
475 2980 589 3031 verum
619 2960 685 3028 alio
715 2963 819 3045 modo,
851 2963 1015 3044 loquatur.
1065 2960 1130 3028 Vbi
1157 2959 1192 3026 in
1214 2961 1319 3027 mulo·

142 3068 307 3136 medicina
337 3068 488 3137 cunonis
520 3070 562 3137 66
591 3067 728 3136 16661616
761 3067 888 3152 aliquid
917 3067 1133 3151 praecipitur,
1165 3085 1320 3134 amurcae

143 3175 272 3245 omnino
302 3195 366 3244 non
395 3176 516 3244 mentio
546 3176 593 3245 fit.
644 3175 806 3244 Graecum
836 3181 946 3243 autem
976 3175 1167 3257 scriptorem
1196 3174 1231 3241 in
1260 3193 1320 3242 suo

143 3283 252 3367 capite
274 3282 359 3351 idem
382 3289 482 3366 atque
497 3283 651 3351 Catonem
674 3287 825 3367 spectare
847 3285 1001 3351 docemur
1023 3283 1147 3351 duobus
1165 3281 1320 3349 Platonis

143 3396 179 3457 et
201 3391 352 3459 Pollucis
379 3390 470 3475 loeis,
498 3390 554 3473 qui
583 3392 719 3460 verbum
741 3391 908 3461 κακόσιτος
933 3390 983 3458 ita
1011 3390 1193 3473 explicant:
1216 3388 1319 3455 Plato

141 3516 210 3581 rep.
227 3497 256 3565 V
274 3499 339 3564 475
359 3497 384 3565 O
406 3499 460 3564 τὸν
486 3500 557 3582 περὶ
583 3499 620 3563 τὰ
643 3499 719 3564 σιτία
744 3499 881 3582 δυσχερῆ
903 3499 974 3562 οὔτε
995 3504 1103 3581 πεινῆν
1125 3521 1231 3580 φαμεν
1254 3497 1317 3561 οὔτ’

142 3641 357 3652 *ιι-ιι·-

214 3710 235 3781 ¹)
252 3709 339 3764 Wilh.
353 3709 462 3765 Gemoll
478 3709 509 3764 in
526 3709 612 3766 libro:
631 3710 882 3780 Untersuchungan
899 3709 968 3765 iiber
982 3708 1027 3764 die
1040 3707 1164 3776 Quellen,
1183 3708 1238 3762 den
1249 3707 1319 3762 Ver·

142 3800 229 3855 fasser
251 3800 309 3854 und
332 3799 377 3854 dia
395 3799 625 3872 Abfassungszeit
647 3801 696 3855 der
718 3799 875 3871 geoponioa
892 3798 975 3870 (Berl.
988 3797 1066 3854 Stud.
1085 3799 1105 3854 f.
1124 3798 1202 3853 class.
1215 3797 1318 3853 Philol.

142 3908 169 3943 u.
182 3889 292 3943 Arch.I
311 3890 336 3959 1)
360 3888 432 3944 Β611.
451 3888 520 3944 1883
543 3908 571 3961 p.
590 3889 624 3945 26
648 3890 722 3944 hunc
744 3889 859 3945 titulum
883 3891 948 3944 ante
974 3904 1035 3959 cap.
1055 3888 1089 3943 25
1115 3890 1200 3956 atque
1224 3890 1318 3943 totum

143 3996 204 4049 cap.
214 3978 249 4032 28
262 3977 359 4033 statim
372 3981 438 4049 post
451 3996 512 4049 cap.
522 3979 557 4033 25
569 3979 730 4050 ponendum
744 3995 803 4034 essa
817 3981 924 4044 censet;
937 3995 1107 4048 quamquam
1117 3995 1166 4032 661
1174 3976 1319 4032 immutati

141 4067 220 4124 tituli
245 4085 308 4123 cum
334 4066 474 4139 capitibus
498 4067 593 4139 aptius
618 4067 793 4135 convaniant,
818 4086 875 4124 nou
901 4067 1052 4140 perspicio,
1078 4070 1177 4124 eontra
1201 4067 1316 4124 titulum

142 4157 244 4233 capitis
263 4157 306 4226 28,
324 4160 518 4227 6666116666
537 4157 651 4216 6666616
668 4157 731 4215 loeo
750 4157 908 4215 confirmari
926 4160 1031 4229 putam.
