2932 4808
620 301 842 367 ..12-

231 495 370 563 Praeter
396 495 459 562 hoc
482 494 686 562 Columellae
714 498 814 578 caput
840 493 943 560 solum
970 490 1237 560 iuvatcouierre
1259 489 1318 560 vit.

142 602 284 671 Gallien.
307 621 377 685 cap.
402 604 456 686 163
490 600 529 669 oi.
553 601 651 686 Oder,
674 602 758 669 Mus.
780 600 886 669 Rhen.
910 601 953 668 45
976 598 1093 686 (1890)
1120 619 1194 684 pag.
1214 600 1257 666 86
1272 619 1319 680 sq.

231 711 357 778 Rursus
381 709 581 777 Columellas
603 709 693 776 locus
716 709 800 776 satis
822 707 983 776 notabilis
1010 713 1074 792 est,
1101 727 1177 775 nam
1198 705 1319 774 iterum

142 838 214 886 cum
236 819 318 885 hoec
336 816 586 902 geoponicouum
606 814 728 900 capitis
746 835 824 899 pars
847 815 951 900 magis
974 834 1045 882 oum
1060 815 1196 882 Catonis
1213 813 1320 882 forma

143 925 326 1008 conveniat,
348 924 411 992 illa
424 923 629 991 Columellas
642 921 754 994 verbis
773 921 936 990 similiora
953 923 1100 1006 praebet,
1122 920 1216 990 velut
1234 940 1319 1003 quae

141 1031 176 1099 in
205 1031 300 1100 initio
330 1031 484 1117 legimus,
513 1033 602 1115 apud
625 1031 780 1099 Catonem
811 1032 943 1114 desunt,
973 1028 1153 1096 Columella
1183 1029 1320 1095 exhibet

142 1140 257 1207 eodem
278 1139 359 1206 loco.
396 1139 520 1206 Contra
537 1138 624 1221 quod
643 1137 765 1206 attinet
783 1139 827 1205 ad
845 1157 893 1222 ea,
916 1156 1002 1220 quae
1020 1141 1201 1219 sequuntur
1220 1155 1319 1219 quae-

142 1265 205 1328 que
229 1247 310 1314 Cato
338 1265 466 1329 quoque
491 1245 615 1313 litteris
641 1245 826 1328 mandavit,
852 1245 909 1311 hic
935 1243 1186 1329 geopouicorum
1213 1242 1320 1310 forma

141 1352 178 1420 iu
202 1353 388 1422 uuiversum
411 1353 540 1420 melius·
554 1372 625 1420 cum
649 1352 783 1420 Ootouis
807 1356 1027 1441 comparatur,
1049 1369 1243 1434 quamquam
1258 1350 1318 1417 Oo-

141 1459 275 1527 lumella
293 1478 422 1544 quoque
441 1460 566 1543 aliquid
584 1459 742 1544 serravit,
764 1461 852 1543 quod
874 1480 895 1527 a
913 1458 1162 1543 geoponicorum
1182 1462 1320 1525 auctore

141 1572 301 1635 mutatum
325 1572 390 1652 est,
416 1567 515 1651 idque
539 1567 673 1635 Catonis
700 1566 888 1652 ‘piscinam
916 1565 968 1633 cui
995 1565 1064 1634 illic
1087 1568 1214 1651 ‘coeco'
1244 1566 1319 1660 sub·

141 1674 291 1742 stitutum
315 1680 377 1742 est.
412 1676 545 1759 Lugere
563 1693 742 1759 possumus,
765 1677 852 1757 quod
870 1673 1054 1742 Columella
1075 1675 1117 1741 de
1135 1674 1319 1739 claudendo

141 1801 222 1851 vase
249 1801 315 1851 nou
344 1781 530 1849 accuratius
561 1782 643 1868 egit,
671 1800 746 1849 nam
774 1781 811 1849 in
838 1800 892 1865 eo,
915 1782 1004 1863 quod
1026 1781 1109 1848 Octo
1132 1780 1174 1846 de
1196 1780 1320 1846 cortice

141 1889 299 1974 loquitur,
326 1889 508 1974 geoponica
537 1895 647 1956 autem
679 1891 781 1973 δέρμα
812 1887 984 1974 adhibent,
1011 1886 1210 1972 gravissima
1231 1886 1320 1954 inter

140 2002 315 2080 utrumque
341 1997 448 2064 locum
476 1996 701 2080 discrepantia
727 1995 795 2064 sita
821 2001 882 2063 est.
926 1996 1123 2062 Audendum
1151 1998 1203 2061 est
1225 1993 1321 2061 Oolu·

141 2103 273 2171 uellam
296 2103 516 2189 quadraginta
544 2105 617 2172 dies
644 2103 884 2188 praescribere,
907 2121 976 2170 cum
1002 2103 1084 2170 Cato
1113 2109 1149 2169 et
1170 2102 1320 2169 Graecus

141 2215 258 2279 auctor
279 2211 420 2295 triginta
443 2210 558 2278 diebus
582 2212 731 2279 conteuti
754 2211 829 2278 sint.

230 2318 380 2401 Denique
407 2316 527 2386 similia
554 2321 671 2388 valent
696 2318 732 2385 iu
760 2317 893 2386 Ontonia
921 2337 991 2401 cap.
1015 2319 1057 2385 93
1087 2323 1124 2399 et
1149 2318 1207 2401 94,
1234 2335 1321 2397 quae

142 2444 214 2491 cum
241 2424 491 2510 geopouioorum
520 2444 588 2506 cap.
611 2425 663 2490 IX
694 2427 747 2509 10,
773 2427 789 2490 l
821 2429 856 2490 et
882 2425 917 2489 X
939 2425 993 2507 48,
1016 2425 1037 2489 4
1060 2421 1163 2490 velim
1190 2441 1321 2504 compa·

141 2532 231 2600 retis.
283 2530 418 2598 Catonis
447 2533 539 2599 locos
568 2530 635 2598 iam
664 2529 819 2599 Nicolaus
849 2530 965 2598 Niclas
994 2549 1070 2614 pag.
1094 2531 1156 2596 591
1189 2533 1224 2595 st
1255 2529 1319 2596 717

141 2638 354 2723 significavit,
376 2637 557 2706 Schneider
579 2643 614 2705 et
631 2637 710 2705 Keil
732 2637 897 2721 capidul
921 2655 1057 2721 geopon.
1075 2637 1110 2702 X
1128 2637 1171 2702 48
1194 2637 1322 2719 esurio

141 2751 263 2813 serunt.
309 2745 449 2813 Tradita
472 2750 607 2812 exstant
629 2746 725 2812 haec:

231 2853 325 2920 Cato
349 2872 427 2936 cap.
443 2855 498 2920 93:
522 2851 604 2920 Olea
621 2852 651 2920 si

141 2959 283 3027 fructum
301 2978 365 3028 non
382 2959 476 3044 feret,
497 2958 651 3042 ablaque—
750 2979 855 3044 geop.
862 2958 918 3026 lib.
925 2958 977 3024 IX
989 2958 1137 3030 1οεΠῶς
1150 2961 1230 3024 ἔστιν
1240 2960 1320 3023 ἐλαί-

141 3072 208 3136 ato.
235 3072 352 3150 postea
378 3071 560 3134 stramenta
589 3066 650 3132 cir·
704 3092 743 3140 ας
760 3069 903 3139 εὐθαλεῖς
920 3068 974 3131 καὶ
987 3066 1215 3148 πολοιιάρπους
1228 3075 1320 3151 ποιῆ-

142 3173 336 3257 cumponito.
351 3177 467 3256 postea
487 3192 649 3240 amurcam
704 3199 764 3248 σαι,
773 3175 827 3239 καὶ
839 3180 911 3246 πῶς
919 3175 981 3238 ἔστι
993 3173 1148 3244 νοσούοας
1161 3174 1321 3256 θεραπεῦ-

141 3301 214 3348 cum
227 3280 651 3364 aqusconmiscetoaequas
704 3305 762 3345 σαι.
784 3280 1043 3346 ΤῶνΚννιιλίων.
1064 3279 1323 3364 ΙΕὐγενεστέρας

141 3395 262 3473 partes.
299 3389 419 3455 deinde
460 3388 503 3455 ad
544 3389 651 3454 oleam
703 3390 757 3453 καὶ
770 3389 996 3473 εὐθαλεστέρος
1013 3389 1068 3453 καὶ
1081 3388 1208 3470 σφόδρα
1221 3389 1321 3452 πολυ-

141 3493 402 3563 οἰιὋὶὶωῙλΠιᾱίλο.
429 3496 474 3562 ad
499 3495 652 3562 arborem
704 3497 849 3578 κάρπους
874 3496 929 3567 τὰς
956 3496 1060 3568 ἐλαίας
1085 3497 1237 3579 ποιήσεις,
1267 3496 1322 3560 ἐὰν

123 3593 323 3669 'maxumam
353 3621 468 3669 urnam
496 3601 652 3669 conmixti
703 3603 781 3687 μετὰ
808 3603 844 3667 τὸ
874 3608 1016 3687 γορῶσαι
1043 3602 1125 3687 πρὸς
1151 3601 1206 3674 τὰς
1233 3603 1323 3686 ῥίζας

141 3713 194 3776 sat
207 3714 271 3776 est:
294 3710 337 3776 ad
355 3709 498 3776 minores
516 3712 651 3778 arbores
705 3707 849 3795 ἀμόργης
862 3709 926 3775 dno
940 3710 1054 3774 ἐλαιῶν
1067 3710 1194 3774 ἀνάλιον
1206 3735 1321 3793 μεμιγ-

140 3833 201 3898 pro
223 3815 352 3882 ratione
376 3815 492 3883 indito.
511 3822 547 3885 et
563 3817 651 3882 idem
704 3819 802 3900 μένης
828 3817 917 3881 ὕδατι
945 3818 1070 3900 ποτίμῳ
1100 3818 1135 3890 ἐξ
1161 3818 1230 3882 ἴσον
1262 3819 1323 3882 δύο

142 3923 205 3990 hou
214 3922 243 3988 si
256 3921 361 3991 facies
371 3924 415 3990 ad
423 3924 557 3991 arbores
566 3923 652 3990 feru·
705 3924 838 3995 κοτύλας
860 3924 999 4008 ἐμβάλῃς
1030 3925 1154 4006 ἑκάστῳ
1181 3925 1322 4008 στελέχει,

141 4049 208 4115 ceo,
240 4048 299 4097 eae
335 4048 462 4111 quoque
497 4029 651 4098 meliores
705 4031 876 4114 ἢάχύρων
889 4031 1055 4114 καομένων
1068 4030 1202 4113 κόφινον
1216 4033 1236 4114 ἢ
1252 4031 1322 4105 δύο,

140 4135 230 4205 dent
253 4139 297 4204 ad
321 4155 378 4204 eas
404 4141 587 4204 stramenta
609 4156 651 4204 ue
704 4137 786 4221 πρὸς
808 4137 975 4221 ἀναλογίαν
998 4138 1141 4221 δηλονότι
1166 4143 1222 4200 τοῦ
1251 4137 1322 4202 dev-
