2932 4808
620 306 843 371 ..48-

142 503 303 590 Megarici
317 502 420 570 bulbi.
466 502 518 569 Ex
531 501 730 585 ponderibus
746 499 883 569 Graecis
901 499 965 567 iam
980 501 1017 569 P.
1031 496 1145 568 Weise
1165 518 1245 584 pag.
1262 501 1322 566 168

143 616 367 697 argumentum
390 609 519 696 petivit,
543 615 581 677 ut
604 628 674 694 cap.
700 611 762 676 127
787 609 905 676 Catoni
928 609 1115 694 abrogaret.

232 718 325 785 Haec
339 719 381 784 de
396 716 519 785 verbis:
539 735 626 784 nunc
645 719 758 784 adres
777 715 866 799 ipsas
885 734 1063 782 sermonem
1077 712 1324 783 transferemus

144 825 336 910 Nuperrime
361 825 439 907 quid
459 824 616 909 agricolis
636 823 773 893 Graecis
793 823 967 891 debuerint
984 821 1123 890 1111111111
1142 823 1181 890 Ε.
1196 822 1326 890 Hauler

146 931 344 1020 exposuit1),
370 931 427 1014 qui
454 931 573 998 statuit
601 937 636 998 et
659 931 791 999 minima
813 936 848 998 et
875 929 1062 998 tardissime
1089 930 1151 996 hos
1179 930 1226 997 ab
1255 928 1325 995 illis

146 1040 313 1125 didicisse,
336 1041 422 1122 quod
445 1058 505 1106 sua
532 1038 596 1106 sibi
618 1044 797 1122 praecepta
819 1057 839 1105 a
859 1037 1038 1106 maioribus
1055 1036 1185 1105 tradita
1205 1040 1325 1105 essent

146 1147 241 1232 Quod
261 1147 303 1214 ad
326 1146 399 1232 agri
424 1149 575 1214 culturae
597 1152 776 1229 praecepta
794 1145 935 1214 fortasse
948 1146 1092 1228 ‹puadrat
1104 1149 1208 1227 atque
1221 1143 1272 1212 ita
1284 1144 1325 1211 de

147 1254 282 1322 Catonis
309 1253 442 1337 scriptis
468 1253 532 1320 iam
555 1252 719 1323 iudicavit
742 1253 872 1320 drusius
895 1253 931 1320 in
951 1253 1035 1321 Mus.
1057 1253 1163 1320 Rhen.
1190 1255 1260 1321 vol.
1282 1253 1323 1318 47

146 1361 263 1449 (1892)
286 1381 361 1448 pag.
385 1364 437 1428 66.
483 1363 601 1427 Totum
625 1381 703 1430 vero
727 1361 862 1431 Catonis
885 1363 926 1428 de
950 1360 1024 1446 agri
1046 1360 1176 1428 cultura
1204 1359 1324 1427 librum

146 1470 253 1536 animo
276 1472 517 1553 perlustrantes
540 1487 606 1535 non
628 1468 720 1535 nulla
742 1469 795 1535 hic
819 1489 840 1536 a
862 1467 1003 1552 simplici
1026 1473 1061 1534 et
1083 1467 1216 1535 modica
1238 1466 1323 1552 agri·

147 1578 325 1663 colatiora,
353 1577 480 1659 qualem
511 1577 718 1659 antiquorum
748 1577 967 1644 Romanorum
996 1574 1097 1654 fuisse
1126 1575 1324 1659 putabimus,

148 1687 320 1753 admodum
347 1686 501 1752 recedere
529 1685 626 1751 brevi
649 1684 763 1766 opinor
777 1676 877 1751 'nobis
901 1681 1178 1767 persuadebimus.
1224 1682 1323 1750 Velut

148 1812 233 1875 quae
257 1793 297 1859 de
321 1792 524 1861 diversorum
547 1792 696 1860 vinorum
719 1792 968 1859 concinnatione
992 1796 1027 1858 et
1049 1790 1126 1858 inde
1149 1810 1171 1858 a
1194 1808 1267 1872 cap.
1283 1791 1321 1856 74

150 1903 190 1967 de
213 1901 373 1983 pistorum
396 1900 523 1967 artibus
547 1901 633 1983 apud
658 1919 730 1967 eum
752 1899 899 1984 legimus,
921 1918 1036 1983 parum
1058 1898 1154 1966 nobis
1180 1897 1219 1965 in
1245 1895 1321 1963 Oen·

148 2007 227 2075 sorii
253 2027 426 2090 personam
455 2007 630 2076 convenire
657 2006 821 2075 videntur.
872 2008 976 2076 Porro
1005 2026 1077 2074 cum
1106 2004 1320 2074 deliberamus

149 2117 234 2184 hanc
257 2116 359 2198 ipsam
382 2121 487 2182 artem
512 2117 599 2199 apud
623 2114 770 2182 Graecos
793 2116 856 2181 iam
881 2117 1003 2182 dudum
1025 2114 1075 2182 ita
1097 2113 1262 2199 floruisse,
1286 2115 1319 2177 nt

148 2224 214 2291 iam
229 2223 451 2290 Callimachus
470 2223 540 2290 eius
558 2223 647 2289 modi
665 2222 768 2290 libros
791 2222 825 2288 in
848 2241 907 2290 suo
930 2224 1144 2288 παντοδαπῶν
1166 2244 1317 2305 συγγραμ·

149 2334 261 2415 μάτων
293 2334 448 2414 catalogo
481 2329 678 2417 1111111111),
712 2336 746 2397 11
777 2336 853 2413 post
885 2349 1005 2399 annum
1038 2332 1164 2398 demum
1198 2325 1316 2396 16811

150 2438 285 2505 Italiam
318 2441 518 2505 translatam
551 2435 665 2525 ossei),
697 2438 750 2504 hic
783 2457 909 2521 quoque
938 2439 1094 2506 Catonem
1126 2436 1315 2505 Graecorum

150 2545 302 2631 vestigiis
324 2545 564 2630 ingredientem
588 2545 823 2612 arbitrabimur
845 2546 1049 2630 deprehendi
1071 2564 1178 2627 neque
1196 2543 1315 2611 sibimet

151 2655 257 2737 ipsum
270 2653 355 2720 talia
369 2653 575 2737 excogitasse
588 2654 708 2719 nedum
721 2672 742 2719 a
756 2653 933 2720 maioribus
946 2651 1120 2737 accepisse,
1132 2648 1314 2735 praesertim

152 2781 223 2828 cum
238 2760 345 2843 operis
359 2758 488 2843 pistorii
503 2761 665 2828 vocabula
678 2779 798 2844 magna
813 2780 854 2828 111
868 2765 965 2844 parte
980 2760 1110 2828 Graeca
1123 2759 1201 2843 sint,
1221 2752 1315 2828 veluti

153 2871 305 2951 amulum,
328 2870 436 2952 depso,
460 2873 605 2952 encytus,
629 2886 769 2952 erneum,
791 2870 956 2954 placenta,
978 2867 1134 2952 spaerita,
1157 2865 1255 2950 spira

242 2977 389 3042 Transeo
413 2975 455 3042 ad
478 2994 526 3058 ea,
550 2995 634 3056 quae
662 2978 703 3042 de
731 2976 904 3043 arboribus
931 2974 1154 3060 propagandis
1182 2979 1218 3040 et
1243 2973 1317 3038 inse

153 3083 265 3150 rendis
295 3082 329 3148 in
360 3081 493 3150 Catonis
523 3082 610 3148 libro
640 3083 896 3166 praecipiuntur.
949 3083 1013 3150 Hic
1043 3082 1108 3150 iam
1137 3081 1177 3148 E.
1204 3081 1319 3164 Meyer,

155 3191 270 3259 Gesch.
295 3191 324 3256 d.
348 3189 421 3258 Bot.
445 3191 462 3256 I
486 3192 548 3257 381
575 3196 609 3256 et
631 3191 670 3255 V.
690 3191 797 3276 Hehn,
819 3189 998 3273 Kulturpfl.
1021 3210 1051 3258 u.
1074 3189 1202 3274 Haust,
1226 3189 1275 3256 ed.
1295 3186 1321 3269 6,

157 3301 252 3383 1894,
275 3300 340 3364 422
364 3298 520 3365 admirati
543 3304 628 3383 sunt,
655 3301 742 3380 quod
765 3305 834 3366 tam
857 3297 1047 3367 artificiosis
1069 3299 1168 3365 rebus
1190 3295 1251 3363 ille
1273 3295 1322 3361 de-

154 3409 301 3473 lectatus
324 3405 382 3490 sit,
412 3425 452 3472 ac
479 3407 655 3488 praecipue
682 3426 779 3473 unam
806 3405 1013 3491 propagandi
1041 3403 1217 3488 rationem,
1247 3420 1325 3486 quae

155 3518 318 3580 tractetur
346 3516 483 3596 111152
512 3520 546 3580 11
576 3513 685 3600 1331),
715 3533 787 3582 eum
813 3514 848 3581 in
876 3513 1005 3580 deliciis
1034 3513 1189 3580 habuisse
1218 3512 1328 3594 Meyer

155 3658 369 3675 Γι--ιι--ι-

246 3728 267 3799 1)
287 3727 423 3782 Festschr.
443 3727 461 3781 f.
482 3727 532 3780 Th.
552 3725 698 3797 Gomperz,
717 3727 800 3782 Wien
821 3728 898 3794 1902,
917 3744 981 3797 pag.
1001 3726 1062 3782 389.

246 3816 267 3885 1)
287 3816 386 3871 Athen.
406 3816 469 3870 XIV
488 3817 568 3872 6431.

247 3905 268 3976 1)
287 3906 353 3959 Mau
372 3905 447 3976 apud
466 3905 711 3975 Pauly-Wissowa,
730 3905 961 3977 Remi-Encpclop.
981 3906 1105 3962 112735.

247 3994 269 4063 ⁴)
289 4011 349 4064 cap.
365 3995 419 4051 52.
440 4038 446 4050 .
467 4040 472 4051 .
486 3995 515 4048 in
535 3996 689 4062 arboribus,
710 3996 752 4050 uti
764 3996 871 4051 radices
885 3997 1007 4067 capiant,
1027 3996 1142 4051 calicem
1154 3998 1334 4068 pertundite:

158 4100 209 4154 per
227 4083 343 4136 fundum
358 4089 502 4152 1111111111
525 4089 574 4139 aut
597 4085 710 4154 qualum
734 4103 850 4153 ramum,
874 4104 957 4154 quem
980 4086 1103 4141 radicem
1126 4104 1228 4158 capere
1252 4088 1335 4157 voles,

159 4172 284 4230 traicito:
312 4190 374 4228 eum
393 4175 507 4242 qualum
526 4179 575 4228 aut
595 4174 709 4229 calicem
734 4178 809 4230 terra
828 4175 935 4245 inpleto
956 4176 1120 4245 calcatoque
1139 4177 1220 4247 bene,
1244 4178 1274 4233 in
1293 4195 1335 4233 ar·
