2932 4808
623 302 846 368 ..13-

235 492 356 561 Verum
376 496 416 560 de
434 493 586 560 Palladio
604 493 765 576 reliquum
784 499 844 578 est,
867 498 904 561 ut
922 511 1029 578 pauea
1047 493 1221 577 addantur,
1239 512 1321 575 quae

146 602 258 668 eadem
298 620 425 683 quoque
462 602 526 668 huo
561 601 739 684 pertinent.
796 600 1062 684 comparavimus
1098 620 1173 686 pag.
1205 603 1246 667 13
1274 620 1320 682 sq.

146 708 397 792 geoponieorum
429 727 498 790 eap.
522 708 573 774 IX
604 710 645 775 10
676 727 747 775 eum
770 707 974 776 Columellae
996 709 1048 774 XI
1077 709 1106 791 2,
1130 710 1181 775 29.
1232 708 1322 774 Idem

145 820 357 898 praeceptum
380 815 539 897 repetivit
560 814 735 883 Palladius
757 815 793 882 in
816 835 884 898 ουρ.
905 814 954 881 IV
978 816 1007 898 8,
1030 834 1136 898 neque
1158 834 1239 881 uero
1261 815 1323 882 hoe

145 928 274 990 tantum
296 921 385 1006 feeit,
410 924 469 989 sed
492 922 651 989 annexuit
668 941 797 1005 quoque
816 923 947 990 easdem
964 921 1046 989 illas
1063 922 1162 1007 leges,
1186 941 1269 1005 qnae
1288 922 1323 988 in

145 1030 395 1114 geoponieorum
425 1029 533 1111 eapite
556 1029 606 1096 illi
629 1030 781 1097 subditae
804 1034 950 1113 exstant,
978 1049 1049 1096 eum
1072 1029 1257 1097 Columella
1280 1030 1322 1096 ad

144 1136 230 1203 alias
244 1156 298 1204 res
312 1156 349 1204 se
363 1136 577 1205 converterit.
614 1135 702 1220 Quid
716 1138 757 1203 de
770 1137 833 1203 hoe
847 1135 1087 1204 iudicabimus?
1122 1137 1172 1202 Ae
1184 1136 1322 1218 primum

145 1243 277 1324 quidem
307 1241 497 1311 Palladium
530 1262 572 1310 ex
602 1242 786 1311 Columella
817 1248 918 1324 atque
950 1263 991 1310 ex
1019 1243 1172 1311 Palladio
1202 1262 1323 1328 geopo-

144 1350 290 1418 nieorum
314 1355 478 1418 auctorem
501 1349 649 1418 hausisse
671 1349 818 1434 proclive
841 1355 894 1417 est
913 1349 1011 1417 dietu.
1049 1350 1115 1417 Sed
1133 1369 1233 1434 supra
1250 1369 1323 1418 oum

144 1457 320 1526 viderimus
343 1457 525 1541 geoponiea
546 1476 613 1524 non
635 1459 679 1524 ad
698 1456 913 1524 Columellam
938 1457 1052 1542 ipsum,
1075 1456 1171 1524 immo
1190 1459 1233 1525 ed
1252 1457 1322 1524 eius

145 1570 312 1632 auctorem
340 1563 450 1632 redire
478 1564 566 1651 (pag.
592 1564 661 1651 16),
688 1564 743 1631 hie
771 1583 900 1647 quoque
923 1563 1034 1632 faeere
1055 1584 1121 1631 non
1144 1583 1324 1648 possumus,

144 1671 222 1753 quin
236 1671 372 1739 similem
387 1671 573 1755 explicandi
586 1672 677 1740 uiam
691 1669 915 1756 ingrediamur
928 1691 1071 1756 eamque,
1085 1676 1123 1738 ut
1136 1671 1325 1738 Palladium

143 1797 209 1846 non
228 1798 270 1846 ex
286 1779 358 1863 ipso
374 1778 572 1847 Columellae
591 1798 690 1863 opere
704 1779 790 1845 illud
804 1784 903 1862 eaput
916 1778 1077 1861 petivisse
1091 1779 1325 1863 existimemus,

143 1886 202 1952 sed
221 1905 263 1952 ex
281 1887 368 1953 libro
388 1887 510 1970 aliquo,
528 1888 614 1953 unde
632 1885 668 1952 in
686 1886 937 1971 geoponieorum
955 1904 1083 1969 quoque
1102 1905 1218 1969 eorpus
1236 1887 1324 1953 idem

143 1993 225 2059 illud
253 1998 351 2076 eaput
377 1992 551 2076 pervenire
579 1993 734 2076 potuerit.
781 1990 874 2075 Quae
902 1993 1067 2060 sententie
1090 1992 1170 2059 mihi
1193 1992 1324 2074 quidem

143 2100 198 2168 vel
221 2119 260 2168 eo
283 2101 450 2183 probatur,
479 2103 565 2183 quod
589 2119 672 2182 qnae
695 2100 869 2166 Palladius
893 2100 1028 2167 exhibet
1050 2100 1152 2167 multo
1175 2099 1281 2184 magis
1306 2119 1324 2166 e

144 2207 397 2291 geopouioorum
419 2206 523 2273 forma
546 2212 703 2289 excerpta
725 2226 797 2274 esse
815 2207 981 2290 videntum,
1004 2224 1099 2288 quam
1122 2212 1160 2273 ut
1178 2207 1265 2274 hane
1283 2226 1325 2274 ex

143 2312 234 2380 illius
261 2313 347 2380 libro
375 2314 518 2396 pendere
542 2312 641 2380 faeile
665 2313 760 2381 nobis
782 2315 1048 2396 persuadeamus.
1095 2312 1187 2397 Quae
1209 2314 1326 2381 statim

144 2422 358 2504 apparebunt,
383 2439 455 2486 eum
478 2439 561 2502 quae
585 2420 648 2487 sibi
672 2421 874 2503 respondent
896 2420 1176 2504 exscripserimus:

233 2527 390 2594 Pallad.
412 2527 460 2594 IV
485 2531 518 2594 8:
664 2546 756 2612 geop.
770 2528 823 2593 IX
840 2530 893 2594 10:
912 2579 919 2593 .
935 2577 942 2593 .
957 2580 964 2592 .
979 2531 998 2612 ἢ
1013 2529 1144 2611 ἀχύρων
1157 2528 1326 2610 κυαμίνων

216 2633 273 2700 alii
291 2635 407 2717 paleas
421 2632 518 2700 fabae
572 2634 707 2717 κόφινον
730 2638 750 2719 ἢ
775 2635 846 2709 δύο,
871 2685 966 2698 .....
982 2636 1042 2699 οὐκ
1065 2635 1189 2699 ἔλαττον
1213 2635 1326 2700 δὲκαὶ

142 2741 238 2808 binos
274 2760 333 2823 per
364 2740 518 2807 maiorem
574 2739 671 2824 οὖρον
685 2742 887 2824 ἀνθρώπειον
900 2741 1102 2806 παλαιδντοδ
1111 2744 1255 2825 πρέμνον
1265 2766 1324 2806 κα-

143 2848 291 2913 arborem
309 2847 434 2931 quaIOS,
456 2846 518 2914 alii
572 2848 710 2931 ταχυδδν
731 2848 853 2931 ὠφελεῖ.
892 2849 911 2912 2
936 2847 992 2912 Δεῖ
1009 2849 1044 2913 δὲ
1061 2849 1139 2932 μετὰ
1158 2853 1253 2913 ταῦτα
1273 2851 1324 2913 εὕ-

143 2952 268 3020 veteris
308 2953 424 3019 urinae
460 2954 519 3021 hu·
572 2955 660 3025 δέως
691 2955 848 3019 ποιεῖσθαι
878 2954 934 3038 τὴν
966 2962 1020 3038 τῆς
1052 2961 1109 3039 γῆς
1144 2957 1325 3039 παρέχωσιν,

142 3077 259 3126 manae
272 3064 400 3143 trunca,
416 3078 517 3142 quan·
572 3061 823 3145 ττεριχωννύντας
858 3060 921 3126 ἀπὸ
955 3063 1053 3144 ῥιζῶν
1085 3062 1228 3145 δηλονότι
1262 3064 1326 3134 ἕως

142 3170 210 3232 tum
256 3166 336 3232 satis
377 3166 518 3249 videam,
574 3167 815 3232 διτταλαιστιαίου
829 3170 944 3250 ὕψους,
962 3169 999 3232 τά
1018 3193 1050 3233 τε
1068 3169 1178 3251 κύκλῳ
1196 3176 1251 3252 τῆς
1268 3195 1325 3234 πε-

142 3270 328 3339 adfundunt
349 3278 384 3341 et
407 3274 518 3341 arbori
573 3275 736 3357 ριχώσεως
759 3276 901 3357 φιαλοῦν,
924 3275 1005 3357 πρὸς
1023 3275 1079 3359 τὴν
1096 3280 1160 3339 τῶν
1178 3276 1326 3360 ὀμβρίων

142 3379 332 3446 mortarium
343 3379 456 3447 statim
468 3379 517 3446 fa·
572 3381 699 3445 ὑδάτων
713 3382 884 3465 ὑποδοχήν.
916 3383 935 3446 3
951 3433 957 3445 .
972 3433 979 3445 .
995 3385 1015 3447 4
1032 3382 1076 3446 Τὰ
1091 3382 1184 3465 δὲμὴ
1200 3406 1325 3466 καρπο-

145 3485 236 3552 aiunt
264 3484 405 3552 maxime
436 3485 517 3552 loeis
573 3493 733 3570 φοροῦντα
744 3488 860 3570 δένδρα
873 3489 1042 3571 πολυφδρα
1055 3490 1194 3571 ποιήσεις
1207 3490 1325 3562 οὕτως·

145 3591 240 3658 sienis
281 3598 398 3660 trunco
439 3597 517 3659 ante
573 3594 714 3658 ἀπὸτοῦ
737 3596 881 3678 πρέμνον
905 3595 1058 3678 ἀποσχὼν
1080 3594 1171 3677 ἔγγὺς
1193 3597 1326 3679 πήχεως

145 3704 307 3782 cooperto.
354 3701 373 3763 2
411 3701 517 3766 oleam
571 3703 696 3784 μέτρον,
710 3703 871 3785 τρυπήσας
885 3703 1035 3785 τρυπάνῳ
1048 3701 1084 3765 τὸ
1093 3703 1234 3785 στέλεχος
1244 3705 1326 3768 κατὰ

142 3804 291 3872 sterilem
300 3806 433 3871 terebra
446 3806 518 3889 gal·
572 3806 608 3871 τὸ
629 3808 711 3890 πρὸς
729 3808 820 3872 νότον
839 3810 947 3892 μέρος,
966 3809 1048 3893 ὀπὴν
1064 3815 1168 3874 ποιῶν
1185 3811 1327 3892 μέγαθος

141 3910 206 3977 lica
228 3909 419 3992 perforabis
440 3916 518 3977 tunc
574 3913 730 3978 δακτύλου
752 3916 901 3997 μεγάλου,
925 3917 978 3980 καὶ
1002 3915 1227 3999 dienerinnen&
1257 3920 1326 3981 στέ-

144 4021 226 4084 duos
255 4014 436 4102 frugiferae
467 4037 519 4085 ar·
573 4022 663 4104 λεχος
686 4021 768 4094 ὅλον,
791 4020 900 4105 λαβὼν
918 4028 972 4105 τῆς
991 4022 1093 4093 ἕλαλας
1115 4023 1242 4093 κλῶνας
1266 4024 1327 4088 δύο

141 4124 233 4192 boris
283 4125 325 4191 ab
377 4124 518 4191 australi
574 4126 638 4189 ἀπὸ
670 4127 776 4209 ἑτέρου
805 4127 939 4210 δένδρου
968 4128 1015 4191 ἀεὶ
1043 4128 1328 4211 πολυκαρποῦντος
