2932 4808
621 289 842 355 „20-

142 490 182 553 ut
203 484 314 555 brevis
343 485 413 570 sim,
440 484 470 551 ai
495 483 604 551 media
631 483 840 569 paragrapho
864 482 950 570 (uam
974 502 1080 552 venae
1104 504 1212 552 omnes
1236 482 1316 570 equ.)

142 597 271 660 tantum
293 591 385 676 illud,
408 594 495 674 quod
515 591 661 658 Graecus
684 589 827 674 scriptor
849 591 950 659 verbo
973 591 1184 675 ‘dsogovdpm’
1208 592 1317 657 adnm-

144 700 265 783 bravit,
289 719 310 766 a
334 697 497 783 Censorio,
520 716 585 781 qua
604 702 677 764 erat
694 697 791 764 huius
808 697 860 764 rei
879 697 1090 782 indulgentia
1108 697 1199 785 (vide
1217 717 1318 780 supra

142 829 172 891 p.
187 807 255 895 25),
280 806 381 874 latius
408 810 586 873 tractatum
610 824 682 873 esse
705 804 867 888 sumimus,
889 809 1024 888 praeter
1046 804 1180 872 (latonia
1203 823 1261 872 cor
1284 811 1318 870 et

142 915 233 982 iecur
254 912 353 981 facile
372 913 479 980 omnia
494 913 580 996 apud
596 911 757 980 Graecum
772 910 995 994 reperiuntur3
1017 913 1195 978 notandum
1209 915 1316 979 autem

142 1026 203 1104 est,
232 1021 417 1102 ubicunqne
441 1019 586 1087 Oribasii
613 1024 728 1086 auctor
757 1019 908 1102 pluribus
938 1018 1049 1088 verbis
1078 1024 1205 1104 utatur,
1236 1020 1317 1085 haec

142 1127 247 1195 artius
284 1146 355 1194 cum
387 1132 484 1194 textu
516 1127 703 1210 cohaerere,
740 1145 833 1208 quam
872 1144 921 1209 ea,
953 1126 1072 1208 quibus
1104 1125 1185 1193 Cato
1217 1126 1317 1193 solam

142 1235 311 1302 brassicae
337 1234 566 1301 salubritatem
597 1234 751 1300 laudibus
780 1231 876 1300 effert
903 1238 1003 1315 atque
1026 1232 1147 1300 lectori
1169 1234 1318 1300 inculcat

144 1342 338 1408 obtundens.

231 1449 282 1515 De
305 1449 367 1534 eis,
389 1466 474 1531 quae
497 1453 692 1532 sequuntur,
719 1448 785 1514 iam
807 1467 906 1530 supra
929 1446 1017 1533 (pag.
1033 1447 1091 1533 25)
1114 1449 1217 1516 verba
1239 1446 1318 1529 feci3

142 1557 204 1623 hoc
221 1574 319 1622 unum
336 1558 426 1623 ultro
442 1560 722 1624 commemoratum
739 1554 848 1639 velim,
872 1574 968 1637 quam
987 1560 1143 1621 accurate
1161 1555 1224 1622 hoe
1243 1557 1317 1622 loco

143 1662 316 1745 utriusque
338 1664 442 1731 verba
471 1668 668 1748 congruant:
697 1662 802 1747 Ἠρὸς
829 1664 864 1728 δὲ
890 1663 927 1727 τὰ
956 1661 1121 1747 ἀρθριτικὰ
1149 1664 1209 1727 οὐκ
1240 1665 1319 1727 ἔστιν

142 1774 415 1856 &apostololicam
439 1773 506 1837 οἷον
523 1775 543 1856 ἡ
558 1774 696 1856 κράμβῆ
717 1776 752 1838 et
774 1770 903 1837 ‘Verum
926 1773 1071 1837 morbum
1094 1769 1317 1836 buticularium

142 1879 309 1946 11115161
331 1884 399 1945 tam
422 1884 552 1964 purgat,
574 1898 669 1960 quam
687 1878 853 1946 brassica’.
890 1877 1016 1962 Quibus
1039 1896 1123 1959 quae
1142 1877 1222 1944 (lato
1246 1896 1319 1944 sen·

142 1985 269 2052 tentiae
296 1986 403 2052 instar
430 1986 590 2063 annectit,
618 1987 654 2053 in
678 1985 808 2053 Graeco
837 1985 946 2068 capite
973 1987 1107 2068 desunt,
1131 1985 1318 2066 itemquae

141 2091 340 2175 praescribit
361 2093 564 2161 insomnibus
587 2093 642 2162 vel
664 2092 809 2160 senionis.

231 2200 285 2265 Ita
303 2198 367 2266 iam
386 2201 429 2266 ad
448 2201 689 2285 paragraphum
705 2199 841 2267 Catonis
859 2219 976 2267 nonam
995 2199 1209 2283 pervenimus,
1233 2218 1318 2281 quae

142 2307 269 2373 duabus
296 2305 409 2374 formis
436 2307 533 2374 nobis
559 2308 690 2374 tradita
716 2312 781 2390 est,
809 2325 881 2374 cum
907 2306 994 2372 idem
1016 2312 1229 2388 praeceptum
1252 2306 1316 2373 iam

143 2415 350 2497 cap.156,5
380 2413 577 2482 inveniatur.
629 2414 809 2495 Utramque
840 2418 1067 2497 comparantes
1099 2432 1170 2480 cum
1203 2414 1317 2481 verbis
1353 2470 1355 2481 .

144 2520 283 2588 Graecis
305 2540 423 2606 magna
446 2540 517 2588 cum
540 2520 758 2588 admiratione
780 2521 1003 2604 intellegimus
1025 2520 1080 2586 hic
1098 2519 1318 2602 6116611011-

142 2627 229 2694 basii
256 2626 391 2695 formam
419 2628 551 2711 propius
578 2630 622 2694 ad
649 2627 768 2711 eapitis
793 2628 857 2694 156
885 2628 1044 2695 accedere
1067 2647 1162 2709 quam
1187 2628 1230 2694 ad
1252 2626 1319 2694 for-

142 2753 227 2800 mam
257 2734 374 2818 capitis
400 2736 472 2802 157.
526 2735 608 2801 Nam
638 2735 757 2818 omnia,
789 2736 905 2816 quibus
935 2735 997 2802 illa
1026 2736 1068 2801 ab
1101 2737 1164 2801 hac
1198 2734 1318 2818 differt,

143 2840 286 2908 dilucide
304 2840 513 2923 reperiuntur
534 2842 570 2907 in
590 2843 698 2925 capite
713 2843 855 2910 Graeco:
879 2841 983 2912 veluti
1005 2841 1053 2909 ibi
1074 2860 1139 2909 non
1162 2843 1204 2908 de
1222 2860 1319 2926 pane,

143 2946 199 3028 qui
221 2967 293 3014 cum
314 2947 463 3015 brassica
485 2947 557 3015 dari
579 2948 691 3034 possit,
714 2957 751 3016 ut
773 2949 806 3015 in
830 2969 900 3031 cap.
917 2951 990 3034 157,
1012 2949 1161 3034 legimur,
1189 2951 1258 3033 sed,
1281 2954 1320 3015 nt

142 3054 178 3121 in
201 3073 271 3137 cap.
288 3056 365 3139 156,
392 3056 429 3122 in
451 3056 637 3125 universum
665 3058 706 3123 de
734 3057 806 3124 cibo
834 3076 939 3123 sermo
963 3062 1028 3139 est,
1050 3055 1206 3139 itemque,
1231 3060 1319 3138 quod

142 3160 177 3228 in
201 3181 269 3245 cap.
287 3162 348 3228 157
369 3163 497 3230 omuino
512 3165 615 3247 deest,
629 3162 778 3230 Graecus
792 3168 908 3230 auctor
921 3163 1111 3245 conspirans
1130 3182 1202 3230 cum
1221 3164 1320 3230 Cato-

143 3268 196 3335 nis
223 3268 329 3335 forma
356 3270 477 3352 capitis
504 3273 566 3336 156
591 3272 721 3354 suadet,
749 3276 786 3337 ut
808 3270 938 3353 saepius
962 3271 1023 3337 hoc
1046 3270 1319 3338 medicamentum

142 3376 335 3459 propinetur
362 3396 468 3460 neque
498 3383 608 3444 tamen
637 3379 724 3462 plus,
754 3397 849 3460 quam
879 3377 949 3445 sina
980 3378 1092 3445 taedio
1121 3377 1175 3444 edi
1203 3379 1318 3460 possit.

143 3481 251 3566 Quid?
283 3484 495 3566 quodetiam
524 3485 693 3552 exordium
721 3484 841 3569 capitis
866 3488 929 3552 156
958 3486 996 3570 ei,
1025 3485 1110 3567 qnod
1134 3487 1221 3568 apud
1245 3486 1320 3552 Ori·

144 3590 269 3656 basium
292 3595 416 3676 exstat,
439 3592 579 3659 similius
603 3599 824 3676 comparatum
847 3599 911 3677 est,
939 3613 1034 3675 quam
1059 3595 1145 3674 qnod
1166 3611 1237 3675 cap.
1254 3594 1318 3659 157

143 3695 177 3761 in
200 3695 297 3763 initio
320 3718 401 3781 pree
424 3719 460 3765 se
478 3698 556 3781 fert,
580 3699 620 3765 cf.
639 3719 739 3782 supra
756 3719 831 3784 pag.
847 3703 898 3767 23.
938 3699 1079 3767 Proinde
1096 3700 1182 3766 hanc
1196 3699 1321 3766 Graeci

144 3801 263 3884 capitis
286 3811 412 3887 partem
434 3805 545 3889 potius
568 3825 639 3872 cum
661 3805 766 3873 forma
789 3807 908 3889 capitis
933 3808 997 3873 156
1021 3825 1251 3889 comparemus.

232 3911 282 3977 Ae
313 3911 451 3994 primum
487 3912 617 3994 quidem
652 3916 831 3980 notandum
869 3919 920 3980 est
955 3914 989 3980 iu
1027 3913 1122 3980 initio
1160 3913 1318 3981 Catonem

142 4017 241 4098 plane
260 4036 330 4084 cnm
346 4017 466 4085 Graeci
480 4019 598 4102 capitis
612 4026 747 4087 auctore
762 4020 1003 4111 conspirantem
1017 4026 1183 4088 cocturam
1195 4021 1320 4088 brassi-

144 4142 203 4190 cae
231 4143 375 4193 seorsum
405 4129 1166 4214 6611516151651156615116(ἀποβρέχειν);
1197 4130 1320 4196 deinde
