2932 4808
624 304 847 371 ..13-

142 497 321 565 addideris.
353 517 432 582 cap.
447 500 504 565 941
518 497 591 566 Fici
605 498 655 566 mi
711 501 790 586 ὅρου
815 551 821 564 .
837 551 843 564 .
859 551 866 565 .
889 499 945 568 lib.
958 501 992 566 X
1006 501 1058 585 48,
1072 502 1108 567 4:
1129 503 1251 586 κατέχει
1268 501 1323 567 τὸν

142 623 276 689 grossos
297 610 444 689 teneant,
466 605 569 674 facito
588 624 654 673 om·
708 608 833 691 καρπὸν
864 610 884 691 ἦ
912 615 1007 692 συκῆ,
1040 608 1095 673 ἐὰν
1123 610 1322 693 περωκάψας

142 710 199 778 nia
217 731 281 794 quo
304 714 399 780 modo
422 715 518 781 oleae
541 732 607 795 001.
706 715 851 799 βόθρους
883 716 955 798 περὶ
993 716 1140 790 chaddo,
1176 716 1322 801 ἀμόργην

706 822 795 886 ὕδατι
818 823 852 897 ἐξ
874 825 943 887 icoo
966 823 1102 906 κεράσας
1119 825 1265 908 περιχέῃς
1286 823 1321 888 τὸ

705 931 854 1014 στέλεχος.

237 1051 356 1119 Graeci
376 1052 495 1136 capitis
508 1052 560 1119 lx
577 1054 618 1119 10
636 1055 873 1138 paragraphus,
897 1072 992 1137 qnam
1012 1054 1181 1138 exscripsi,
1205 1056 1248 1122 ad
1266 1075 1321 1122 eas

145 1160 281 1226 arbores
299 1159 453 1244 pertinet,
477 1178 560 1243 quas
578 1158 660 1228 Oato
682 1159 718 1227 in
737 1166 882 1230 extremo
905 1160 1014 1244 capite
1038 1161 1184 1230 ‘feraces’
1209 1165 1322 1245 appel-

143 1265 201 1350 lat,
224 1285 300 1333 nam
323 1272 507 1335 stramenta
528 1266 580 1333 his
602 1285 666 1335 non
690 1270 864 1336 adduntur.
906 1269 989 1336 Tum
1011 1268 1188 1338 notandum
1212 1270 1321 1337 estin

136 1372 333 1457 'geoponicis
360 1392 473 1442 rursus
500 1392 664 1442 amurcam
687 1376 764 1440 ’ἀπὸ
792 1377 905 1441 ἐλαιῶν
933 1377 1066 1441 ovelut?
1096 1376 1322 1445 commendari.

145 1479 242 1564 Quod
270 1481 393 1549 attinet
424 1482 467 1548 ad
496 1482 695 1568 portionem,
726 1488 902 1566 antequam
933 1483 974 1549 de
1005 1483 1069 1550 hac
1100 1483 1322 1566 discrepantia

144 1607 255 1673 agam,
282 1594 382 1672 caput
414 1590 500 1671 quod
532 1589 602 1657 illis
635 1592 837 1673 respondens
863 1609 978 1658 rursus
1000 1592 1088 1673 apud
1111 1590 1322 1659 Columellam

144 1695 290 1763 editores
312 1698 519 1781 detexerunt,
543 1696 729 1764 exscribere
752 1697 860 1766 visum
883 1702 948 1765 est:

234 1802 372 1871 Colum.
392 1803 458 1872 lib.
476 1803 528 1870 XI
546 1807 577 1888 2,
595 1806 652 1871 29:
680 1804 773 1872 Oleis
796 1805 1026 1873 laborantibus
1049 1805 1172 1872 circum
1193 1804 1321 1872 radices

144 1930 321 1996 amurcam,
351 1929 436 1993 qnae
458 1911 560 1979 selem
582 1930 647 1978 non
670 1912 807 1998 habeat,
829 1931 916 1980 nunc
939 1911 1114 1982 conveniet
1134 1911 1321 1980 infundere:

143 2018 294 2085 maximis
316 2037 376 2086 sex
399 2018 516 2104 congii,
539 2018 759 2088 mediocribus
782 2019 954 2087 arboribus
976 2038 1080 2088 urnae
1102 2018 1321 2105 satisfaciunt,

143 2127 286 2193 metaris
316 2125 521 2194 aestimanda
550 2125 615 2194 erit
644 2128 761 2210 portio.
791 2130 850 2194 sed
877 2133 989 2195 tamen
1019 2146 1104 2211 quae
1132 2127 1217 2196 nihil
1245 2127 1321 2196 uitii

143 2233 330 2318 habuerint,
353 2235 524 2316 aliquanto
537 2232 691 2303 laetiores
705 2234 795 2319 fient,
817 2235 848 2302 si
867 2254 1000 2302 amurca
1017 2235 1167 2319 rigentur
1185 2235 1319 2303 insulsa

232 2341 281 2409 Vt
312 2342 473 2410 Graecum
513 2347 679 2410 auctorem
715 2341 863 2411 videmus
901 2342 1111 2410 Columellam
1150 2341 1319 2425 praeferre

143 2450 328 2535 amurcam,
358 2467 442 2532 quae
472 2450 573 2517 salem
601 2468 666 2517 non
695 2450 836 2533 habeat’,
866 2468 939 2517 cum
969 2448 1093 2518 (latone
1123 2469 1321 2518 communem

142 2556 246 2624 habet
276 2556 399 2624 exitum
429 2557 643 2642 paragraphi,
673 2575 736 2638 qno
767 2556 857 2624 sanis
884 2576 1012 2639 quoque
1040 2556 1212 2624 arboribus
1233 2557 1319 2624 hanc

142 2663 368 2748 irrigationem
398 2664 549 2732 conferre
577 2665 803 2748 comperimus,
825 2683 930 2747 neque
959 2683 1031 2732 cum
1053 2662 1187 2732 Catonis
1214 2683 1319 2746 neque

144 2790 218 2838 cnm
250 2772 503 2856 geoponicorum
535 2771 645 2854 capite
677 2777 863 2856 congruunt
894 2771 949 2839 illi
981 2774 1050 2839 ‘sex
1080 2771 1206 2857 congii’,
1239 2791 1320 2853 quos

143 2877 293 2945 maximis
320 2878 494 2947 arboribus
520 2877 675 2947 infundit.
720 2880 831 2961 Atque
852 2898 939 2946 nnnc
962 2879 1028 2946 iam
1051 2881 1092 2946 de
1114 2878 1319 2963 portionibus

142 2984 282 3069 singulis
305 2985 387 3053 locis
410 2986 599 3053 constitutis
622 2986 794 3054 dicendum
817 2991 877 3053 est
917 2986 1063 3055 P1imum
1085 2985 1214 3068 quidem
1238 2987 1318 3053 Cato

143 3092 1320 3178 mmmmmmmmmmwwm

142 3201 325 3283 parandum
356 3205 419 3286 est,
448 3199 579 3267 ‘circum
608 3201 720 3284 capita
749 3200 876 3268 maiora
906 3201 1091 3284 amphoras,
1121 3202 1164 3268 ad
1193 3200 1320 3268 minora

142 3306 262 3392 urnas’,
285 3327 355 3392 cap.
370 3309 412 3375 93
436 3311 545 3375 autem
568 3309 620 3376 ‘ad
639 3310 787 3381 arborem
806 3326 988 3376 maxumam
1004 3304 1128 3375 urnam’
1151 3309 1319 3376 addendas

143 3433 216 3483 esse
234 3413 329 3483 dixit
367 3415 597 3484 Oomeeturam
619 3415 775 3484 leviorem
798 3434 895 3498 quam
913 3414 1086 3484 certiorem
1105 3433 1177 3482 esse
1199 3414 1318 3500 Keilio,

143 3540 337 3605 quamquam
360 3521 540 3590 Schneider
565 3521 675 3591 simile
702 3523 864 3605 quoddam
887 3525 945 3592 vel
971 3521 1006 3590 in
1031 3527 1162 3590 textum
1183 3521 1319 3605 recepit,

141 3630 233 3697 haud
260 3629 327 3697 scio
355 3648 398 3697 an
425 3628 685 3718 concedamus¹);
712 3629 828 3698 Weiss
851 3630 888 3718 (l.
902 3649 927 3698 s.
941 3649 966 3698 s.
985 3648 1059 3715 pag.
1080 3629 1318 3716 100,144sq.)

143 3737 248 3806 solnm
270 3742 371 3820 caput
393 3738 436 3804 93
460 3737 634 3823 genuinum
656 3742 761 3822 putat

233 3844 331 3912 Certe
350 3863 433 3928 qnae
451 3844 636 3929 geoponica
653 3844 820 3924 exhibent,
843 3843 973 3912 etiamsi
990 3863 1063 3912 eam
1076 3843 1124 3912 ibi
1136 3845 1319 3929 portionem

141 3951 325 4021 indicatam
338 3970 409 4021 esse
423 3952 630 4037 asciseamus
653 3971 738 4035 quae
751 3951 930 4019 minoribus
944 3951 1120 4020 arboribus
1135 3952 1318 4037 conveniat,

233 4167 255 4236 ι)
273 4121 428 4222 commea
447 4165 478 4221 n
496 4165 611 4222 clane
629 4164 733 4222 nurum
751 4182 816 4236 pag.
831 4165 882 4222 no
896 4183 937 4234 sq.
