2932 4808
624 329 847 394 ..51-

140 524 243 607 gitur.
290 523 409 590 Catoni
437 529 546 591 autem
575 523 801 592 commercium
830 543 902 591 cum
929 525 991 592 illa
1018 524 1194 608 provincia
1222 525 1325 592 luisse

140 632 294 725 docemur
316 629 430 697 multis
452 623 649 714 Campaniae
672 631 799 699 urbium
823 631 1015 717 nominibus,
1040 651 1124 714 quae
1144 635 1232 715 apud
1252 651 1324 700 eum

140 736 341 822 offendimus,
368 740 465 806 velut
487 743 664 806 occurrunt
685 738 720 804 in
744 737 830 805 libro
859 741 900 805 de
929 739 1004 822 agri
1032 741 1164 806 cultura
1191 739 1325 822 Abella,

141 845 252 928 (iales,
284 844 407 929 Capua,
437 845 688 928 Herculaneum,
718 845 812 926 Nola,
846 845 987 930 Pompei,
1020 845 1162 930 Puteoli,
1195 846 1323 927 Suessa,

143 952 335 1034 Venafrum3
360 953 523 1020 accedunt
538 952 707 1022 adiectiva
722 953 937 1035 campaniam
951 959 985 1020 et
999 953 1206 1021 Scantianus.
1243 953 1325 1019 Alia

141 1059 229 1126 alias
243 1056 383 1143 magnae
399 1059 562 1127 Graeciae
576 1061 731 1144 regiones
746 1066 906 1142 spectant.
952 1060 1197 1145 Murgentinum
1211 1059 1322 1129 vinum

141 1169 185 1234 ad
200 1167 352 1235 Siciliam
375 1169 501 1234 animos
519 1172 650 1235 nostros
670 1169 815 1252 delegat.
847 1167 901 1235 Ibi
920 1168 1081 1253 epityrum
1100 1187 1227 1250 quoque
1243 1168 1325 1234 Cato

141 1273 251 1357 potuit
273 1293 472 1358 cognoscere
480 1274 515 1361 ¹).
553 1275 683 1343 Graeca
705 1294 784 1342 vero
807 1277 851 1341 ad
874 1295 941 1343 rem
965 1275 1120 1343 rusticam
1144 1295 1227 1357 quae
1250 1295 1325 1358 per·

143 1379 275 1450 tineent
298 1388 477 1465 praecepta
506 1380 590 1449 illuc
623 1400 751 1463 quoque
782 1384 950 1449 translata
987 1401 1059 1450 esse
1093 1388 1207 1465 aperte
1245 1382 1325 1449 dicit

142 1489 391 1571 Theophrastus
413 1488 449 1555 in
471 1488 558 1556 libro
583 1490 624 1555 de
648 1489 758 1556 causis
781 1491 968 1571 plantarum
984 1489 1036 1555 III
1051 1491 1102 1573 20,
1118 1491 1146 1573 5,
1166 1489 1222 1556 ubi
1242 1509 1324 1581 com·

143 1601 341 1664 memoratur
377 1594 497 1677 aliquis
530 1597 674 1661 ἀνελθὼν
706 1599 748 1668 εἷς
774 1597 986 1679 Συρακούσας
1015 1599 1051 1661 ἐκ
1078 1597 1242 1682 Κορίνθου
1269 1598 1325 1682 τὴν

148 1705 294 1786 ἐργασίαν
315 1703 372 1788 τὴν
395 1704 538 1768 ἐντεῦθεν
559 1705 756 1787 μεταφέρων.

235 1809 395 1893 Quoniam
409 1809 550 1891 denique
565 1809 707 1879 vidimus
726 1828 787 1876 nec
801 1810 993 1877 litterarum
1008 1809 1210 1877 Graecarum
1225 1811 1323 1893 plane

141 1916 279 1986 inscium
294 1917 451 1984 Catonern
465 1917 577 2001 fuisse,
600 1920 661 1986 vel·
676 1918 753 1983 inde
772 1922 982 2000 praeceptum
1001 1936 1100 1985 unum
1113 1918 1170 1984 vel
1183 1920 1324 1987 alterum

141 2023 176 2090 in
200 2024 318 2092 librum
345 2025 385 2092 de
408 2024 481 2108 agri
505 2026 639 2092 cultura
661 2023 833 2107 irrepsisse
856 2024 935 2090 mihi
958 2026 1156 2106 persuadere
1178 2045 1243 2093 non
1267 2027 1323 2092 du·

144 2130 225 2199 bito.
270 2131 370 2198 Immo
399 2132 485 2213 quod
508 2131 614 2199 Varro
642 2131 713 2214 ipse
741 2134 782 2199 de
811 2131 940 2216 origine
967 2131 1019 2199 sui
1050 2131 1157 2213 operis
1180 2137 1324 2201 testatus

143 2244 195 2305 est
218 2237 313 2305 libi
335 2241 361 2323 1,
379 2240 430 2322 11,
453 2239 609 2305 catonem
633 2257 760 2320 quoque
785 2240 825 2305 de
848 2257 906 2306 suo
930 2238 1018 2304 libro
1042 2238 1189 2305 arbitror
1212 2239 1324 2306 dicere

142 2344 304 2428 potuisse:
333 2365 373 2412 ea
400 2351 498 2412 erunt
528 2365 568 2412 ex
595 2345 764 2413 radicibus
788 2344 894 2430 trinis,
929 2351 1068 2427 etquae
1092 2346 1222 2429 ipsein
1244 2346 1323 2413 meis

142 2451 255 2519 fundis
282 2454 420 2519 colendo
450 2451 682 2537 animadverti,
711 2457 745 2519 et
773 2471 856 2534 quae
885 2452 962 2537 legi,
993 2458 1027 2520 et
1054 2472 1138 2534 quae
1161 2472 1182 2520 a
1205 2454 1323 2535 peritis

142 2559 243 2626 audii.
298 2560 409 2642 Atque
439 2560 591 2628 similiter
621 2560 754 2630 videtur
783 2560 948 2628 iudicasse
977 2559 1140 2628 Ricardus
1171 2561 1323 2628 Reitzen-

142 2666 240 2750 stein,
263 2685 335 2734 cum
354 2667 515 2734 scriberet
533 2667 568 2734 in
582 2667 816 2735 dissertatione
837 2667 1086 2751 descriptorum
1104 2668 1152 2735 rei
1170 2667 1323 2753 rusticae,

143 2773 200 2855 qui
218 2773 429 2841 intercedunt
447 2774 535 2842 inter
549 2775 706 2843 Catonem
725 2781 760 2844 et
775 2776 996 2860 Columellam,
1020 2775 1118 2843 libris
1132 2775 1323 2860 deperditis,

143 2881 251 2948 Berol.
278 2883 372 2964 1884,
396 2901 469 2966 pag.
494 2883 589 2964 32sq.
613 2882 683 2950 ‘ille
711 2882 797 2949 enim
820 2881 876 2968 (sc.
901 2882 1010 2970 Cato),
1039 2902 1231 2965 quamquam
1254 2904 1324 2951 sae-

142 2987 217 3069 pius
241 2986 340 3055 etiam
364 2990 506 3056 aliorum
525 2990 712 3072 praeceptis
730 3010 808 3058 usus
827 2989 968 3074 videtur,
991 2996 1101 3057 tamen
1119 2992 1150 3056 si
1168 3010 1323 3057 summam

142 3113 252 3161 rerum
279 3096 480 3181 respicimus,
511 3117 559 3180 ea,
589 3101 679 3182 puto,
708 3098 850 3165 maxime
872 3096 1030 3181 prodidit,
1061 3117 1145 3179 quae
1167 3098 1239 3181 ipse
1262 3117 1322 3166 usu

144 3209 348 3285 compererat
374 3209 473 3286 atque
500 3203 718 3287 probaverat)
766 3203 1056 3272 Vehementissime
1079 3224 1158 3274 vero
1186 3205 1322 3272 miratus

144 3326 223 3392 sum,
247 3329 319 3376 cum
342 3313 498 3397 legerem,
524 3312 611 3393 quod
624 3312 778 3379 Andreas
792 3310 963 3378 Schottius
982 3311 1016 3377 in
1031 3312 1175 3379 editione
1190 3330 1322 3394 operum

144 3416 289 3484 Cornelii
318 3417 469 3502 Nepotis,
499 3418 653 3486 Francos.
685 3421 786 3503 1609,
816 3419 860 3485 ad
890 3418 1025 3485 Catonis
1055 3418 1115 3487 rit.
1145 3421 1269 3502 oap.3,
1294 3421 1323 3503 1,

143 3523 232 3590 haud
256 3523 324 3591 scio
348 3529 456 3592 utrum
480 3525 581 3592 certis
604 3524 693 3594 nisus
717 3525 920 3610 argumentis
949 3545 992 3592 an
1015 3524 1079 3591 iam
1107 3525 1214 3592 animo
1237 3525 1323 3594 veri-

142 3634 246 3698 tatem
268 3631 496 3713 praesentiens
520 3637 619 3714 atque
643 3632 805 3717 divinans,
827 3631 933 3717 nudis,
958 3636 997 3699 ut
1019 3651 1078 3699 nos
1101 3633 1214 3700 dicere
1237 3636 1322 3702 sole-

142 3757 223 3821 muS,
241 3738 354 3806 verbis
368 3738 567 3809 enuntiavit:
591 3741 796 3822 ‘exstantque
816 3739 886 3806 eius
904 3739 955 3806 rei
968 3739 1111 3806 rusticae
1125 3739 1210 3824 libri,
1228 3759 1322 3822 quos

144 3864 162 3911 e
191 3844 357 3912 Graecis
385 3844 568 3914 fontibus
596 3847 743 3932 hausit,
772 3866 867 3929 quarn
895 3852 1006 3913 tamen
1033 3846 1199 3914 nationem
1226 3846 1321 3915 initio

143 3971 225 4020 cane
248 3952 341 4034 peius
364 3958 400 4020 et
421 3972 528 4039 angue
551 3953 683 4021 oderat?

144 4101 198 4108 ...n--

233 4183 255 4252 ¹)
273 4182 362 4238 Varro
382 4183 417 4238 de
435 4183 454 4237 l.
473 4183 491 4240 l.
511 4183 564 4238 VH
581 4182 624 4252 88,
646 4183 740 4240 Weiss
757 4183 776 4240 l.
796 4203 817 4242 s.
836 4202 857 4239 s.
876 4202 941 4256 pag.
961 4187 1023 4242 559.

1118 4274 1151 4327 40
