2932 4808
686 320 908 386 ‚42-

210 542 305 604 quam
329 523 525 587 concludere
545 521 648 586 licere
668 519 788 586 Galeni
813 521 938 585 demum
961 522 1073 583 aetate
1097 517 1158 583 hoc
1182 536 1285 585 sensu
1309 516 1385 583 illud

208 631 343 697 verbum
368 629 514 712 coepisse
537 628 688 709 usurpari
712 630 886 693 edocemur
914 647 934 691 a
957 625 1118 707 scriptore
1141 623 1266 691 Latino
1292 643 1385 705 eoque

210 737 313 821 Celso,
338 738 394 817 qui
418 737 453 802 in
476 734 639 818 prooemio
664 735 744 800 libri
768 738 808 801 de
827 734 989 800 medicina
1013 733 1100 819 (pag.
1117 734 1147 816 7,
1161 733 1205 798 33
1221 732 1384 816 Daremb.)

209 846 441 911 ‘transversum
466 848 602 926 septum,
627 845 713 924 quod
736 844 922 908 membrana
946 842 1086 922 quadam
1107 838 1298 921 superiores
1319 859 1384 921 par·

209 959 259 1019 tes
274 955 315 1019 ab
330 952 540 1018 inferioribus
558 951 691 1017 diducit’
714 952 899 1035 διάφραγμα
914 971 933 1015 a
952 947 1089 1015 Graecis
1108 947 1173 1013 iam
1193 953 1277 1014 tunc
1296 966 1384 1017 voca·

210 1066 280 1126 tum
299 1078 370 1126 esse
391 1059 488 1126 testis
507 1064 566 1125 est.
602 1058 720 1139 Itaque
740 1057 889 1139 percauti
910 1057 1010 1122 simus
1030 1054 1204 1138 oportebit,
1228 1074 1272 1120 ne
1287 1055 1383 1121 liben-

210 1168 277 1232 tius
316 1186 357 1232 ex
394 1185 541 1232 sermone
576 1164 700 1245 aliquid
737 1183 888 1231 conemur
921 1165 1158 1244 demonstrare,
1191 1161 1354 1243 praesert'

210 1293 281 1340 cum
315 1275 354 1338 de
386 1273 469 1338 artis
501 1273 669 1340 vocabulis
701 1273 896 1339 medicorum
934 1275 1066 1355 agatur,
1103 1288 1240 1350 quorum
1276 1270 1381 1352 libros,

209 1379 384 1462 praecipue
406 1381 540 1445 illorum
563 1385 754 1462 temporum,
777 1398 898 1461 magna
917 1398 958 1444 ex
976 1382 1070 1460 parte
1092 1377 1268 1446 evanuisse
1292 1396 1381 1459 snpra

211 1487 458 1555 commemoravi
482 1488 569 1571 (pag.
589 1490 653 1567 41).
705 1487 923 1554 Nihilominus
955 1491 1102 1551 nostrum
1132 1490 1185 1551 est
1216 1485 1316 1551 etiam
1345 1486 1380 1550 de

210 1614 355 1662 sermone
378 1595 473 1661 illius
497 1595 615 1677 eapitis
639 1595 752 1676 paucis
777 1594 946 1660 disserere.

298 1703 456 1786 Verbum,
489 1704 575 1783 quod
608 1702 690 1768 alibi
720 1720 877 1781 nusquam
906 1700 1085 1782 reperitur,
1117 1700 1154 1764 in
1181 1699 1201 1785 ξ
1230 1701 1251 1763 4
1280 1702 1379 1765 exstat

209 1810 507 1895 efronynotade'oufl).
563 1810 668 1875 Aliud
695 1811 831 1876 verbum
860 1809 1099 1891 συγκατακόψαι
1126 1806 1162 1872 in
1190 1807 1209 1890 ξ
1232 1808 1247 1871 l
1280 1825 1378 1887 quam·

210 1938 304 1999 quam
329 1918 465 1984 adhibet
487 1918 688 1983 Plutarchus
716 1916 789 2000 (vit.
809 1916 892 1982 Sull.
913 1917 954 1981 32
980 1944 1022 1969 =
1046 1915 1159 1981 moral.
1178 1933 1254 1998 pag.
1276 1911 1378 1997 Sida),

209 2032 318 2092 tamen
342 2025 390 2091 ibi
414 2043 478 2089 uon
502 2027 542 2089 de
565 2022 691 2105 herbiS,
714 2025 774 2088 sed
798 2025 839 2088 de
862 2022 991 2088 homine
1020 2040 1124 2088 sermo
1153 2026 1218 2104 est,
1242 2022 1301 2102 qui
1321 2038 1378 2086 una

210 2152 281 2199 cum
308 2131 385 2197 aliis
407 2131 603 2197 trucidatur.
651 2130 768 2196 Simile
795 2132 889 2196 valet
917 2129 951 2195 in
978 2131 1081 2194 verbo
1110 2130 1297 2212 ἀμαύρωμα
1319 2128 1377 2215 §t

210 2241 295 2320 quod
318 2239 405 2305 idem
428 2239 628 2304 Plutarchus
652 2239 801 2321 praebet,
830 2236 887 2303 ubi
911 2239 951 2302 de
975 2236 1053 2302 solis
1077 2235 1263 2302 delectione
1285 2234 1377 2317 loqui·

211 2354 277 2427 tur,
306 2365 389 2427 quae
417 2345 519 2410 fiebat
545 2350 622 2427 post
645 2344 795 2411 Caesaris
820 2350 953 2410 mortem
979 2345 1050 2427 (vit.
1070 2344 1162 2409 Caes.
1182 2342 1249 2427 69).
1275 2341 1377 2409 Vide

209 2473 280 2520 mus
310 2459 419 2519 autem
450 2453 610 2518 medicum
641 2456 678 2517 ut
707 2451 756 2518 ita
783 2451 888 2517 dicam
916 2453 1031 2517 horum
1057 2451 1232 2519 verborum
1261 2468 1377 2517 sensum

210 2563 296 2642 apud
315 2563 420 2627 solum
438 2560 654 2626 Mnesitheum
674 2579 743 2625 esse
765 2564 939 2626 servatum.
978 2559 1089 2625 Aliter
1107 2578 1160 2624 res
1180 2578 1217 2624 se
1235 2559 1335 2624 habet
1349 2556 1378 2622 in

210 2668 336 2734 duobus
366 2666 489 2748 verbis,
525 2687 608 2748 quae
642 2686 700 2732 nos
736 2668 868 2748 quidem
899 2667 1037 2748 primum
1064 2668 1152 2748 apud
1179 2665 1378 2746 Nicandrum,

209 2776 456 2857 grammaticum
484 2776 582 2840 illurn
610 2779 645 2839 et
672 2779 803 2856 poetam
831 2779 866 2840 et
888 2773 1048 2840 medicum
1073 2773 1309 2854 Colophonium
1332 2770 1378 2858 (1.

210 2882 365 2968 Suidam),
389 2883 524 2964 primum
548 2881 748 2964 offendimus,
772 2882 845 2946 dico
871 2883 1034 2965 ὀξύβαφον
1058 2880 1090 2967 (ξ
1106 2881 1149 2966 2),
1173 2882 1261 2961 quod
1286 2873 1327 2947 ab
1348 2898 1379 2944 eo

209 2990 328 3072 incipit
342 3009 414 3055 esse
429 3009 597 3056 mensurae
618 2989 764 3054 definitio
780 2988 878 3074 (ther.
895 2989 984 3073 598),
1004 3009 1021 3053 o
1056 2990 1191 3056 verbum
1211 2990 1380 3073 ἕνθρύπτω,

211 3101 296 3179 quod
320 3099 378 3163 ille
401 3117 465 3164 non
487 3099 592 3163 solum
611 3096 733 3178 primus
753 3097 894 3178 exhibet,
918 3099 975 3162 sed
995 3096 1093 3162 etiam
1112 3095 1161 3162 ita
1177 3095 1244 3161 iam
1259 3099 1382 3162 adama·

209 3205 273 3288 vit,
301 3210 339 3271 ut
362 3204 489 3270 octiens
518 3205 552 3270 in
576 3203 732 3270 theriaois
761 3209 795 3268 et
818 3203 1094 3285 alexipharmacis
1118 3203 1315 3270 inveniatur
1337 3200 1383 3286 (cf.

210 3314 277 3378 ind.
302 3316 351 3378 ed.
376 3313 526 3378 Schneid.
551 3331 625 3395 pag.
646 3310 732 3396 322).
784 3311 868 3377 item
892 3312 996 3376 verba
1025 3312 1213 3375 ἀποπλύνειν
1237 3309 1273 3397 (ξ
1300 3311 1333 3398 1)
1355 3314 1384 3376 et

211 3423 344 3504 ἀνηθεῖν
369 3420 401 3506 (ξ
427 3423 454 3501 1,
478 3420 526 3504 4),
551 3418 697 3499 quamvis
724 3419 833 3483 rarius
862 3417 1124 3499 ascriptoribus
1147 3418 1386 3499 antiquioribus

211 3527 439 3610 adhibeantur,
464 3528 551 3608 apud
574 3526 776 3591 Nicandrum
800 3530 982 3591 occurrunt.
1020 3524 1147 3607 Quibus
1171 3525 1386 3593 consideratis
1437 3526 1440 3531 ’

209 3634 244 3698 id
273 3654 370 3699 unum
398 3633 541 3700 fortasse
569 3633 686 3699 licebit
714 3620 875 3714 suspicari
901 3634 984 3698 haee
1012 3633 1176 3699 vocabula
1206 3634 1395 3713 peculiaria.

210 3741 311 3806 fuisse
334 3741 473 3807 sermoni
497 3741 694 3806 medicorum
718 3740 817 3805 Asiae
841 3740 984 3805 minoris

299 3848 464 3929 Apparuit
487 3848 595 3914 adhue
618 3867 682 3913 non
706 3849 810 3913 solum
833 3847 915 3912 nihil
939 3845 1107 3928 impedire,
1130 3846 1306 3927 quominus
1329 3850 1390 3916 iam

209 3957 271 4020 hoc
299 3962 398 4038 caput
426 3975 445 4020 a
470 3955 592 4021 Catone
622 3954 763 4021 describi
791 3954 936 4036 potuisse
959 3960 1122 4036 putemus,
1145 3972 1262 4020 verum
1293 3957 1392 4024 etiam

299 4187 321 4259 1)
341 4186 541 4259 Grosspietsch,
553 4186 743 4255 clerembaldo
752 4186 951 4242 vocabulorum
960 4203 1061 4258 genere
1071 4153 1200 4254 quodam,
1214 4203 1283 4258 pag.
1297 4189 1340 4257 14,
1352 4191 1394 4245 66.
